@article{Schneider1997,
title = "Functional MRI reveals left amygdala activation during emotion",
journal = "Psychiatry Research: Neuroimaging",
volume = "76",
number = "2-3",
pages = "75 - 82",
year = "1997",
issn = "0925-4927",
author = "Frank Schneider and Wolfgang Grodd and Ute Weiss and Uwe Klose and Katharina R Mayer and Thomas Nägele and Ruben C Gur"
}

@article{Sergerie2008,
title = "The role of the amygdala in emotional processing: A quantitative meta-analysis of functional neuroimaging studies",
journal = "Neuroscience and Biobehavioral Reviews",
volume = "32",
number = "4",
pages = "811 - 830",
year = "2008",
issn = "0149-7634",
author = "Karine Sergerie and Caroline Chochol and Jorge L. Armony"
}

@article{Rosenblatt1960, title={Perceptron Simulation Experiments}, volume={48}, url={http://ieeexplore.ieee.org/xpl/freeabs_all.jsp?arnumber=4066017}, number={3}, journal={Proceedings of the IRE}, author={Rosenblatt, Frank}, year={1960}, pages={301--309}}

@book{Rosenblatt1962,
  added-at = {2008-02-26T11:58:58.000+0100},
  address = {Washington},
  author = {Rosenblatt, Frank},
  biburl = {http://www.bibsonomy.org/bibtex/2d6b9097c3de7cef350d95cbd88c61a2d/schaul},
  citeulike-article-id = {2378849},
  description = {idsia},
  interhash = {2c0038efe357f826d15e09d85da61613},
  intrahash = {d6b9097c3de7cef350d95cbd88c61a2d},
  keywords = {nn},
  priority = {2},
  publisher = {Spartan Books},
  timestamp = {2008-02-26T11:58:58.000+0100},
  title = {Principles of Neurodynamics: {P}erceptrons and the Theory of Brain Mechanisms},
  year = 1962
}


%11i
@book{Izhikevich2006b,
    author = {Izhikevich, Eugene M.},
    day = {01},
    edition = {1},
    howpublished = {Hardcover},
    isbn = {0262090430},
    month = nov,
    publisher = {The MIT Press},
    title = {{Dynamical Systems in Neuroscience: The Geometry of Excitability and Bursting (Computational Neuroscience)}},
    year = {2006}
}

%15i
@article{Izhikevich2003,
    author = {Izhikevich, E. M.},
    booktitle = {Neural Networks, IEEE Transactions on},
    doi = {10.1109/TNN.2003.820440},
    journal = {IEEE transactions on neural networks / a publication of the IEEE Neural Networks Council},
    month = nov,
    number = {6},
    pages = {1569--1572},
    title = {{Simple model of spiking neurons.}},
    volume = {14},
    year = {2003}
}

%16izhikevich
@article{Izhikevich2001,
title = "Resonate-and-fire neurons",
journal = "Neural Networks",
volume = "14",
number = "6-7",
pages = "883 - 894",
year = "2001",
issn = "0893-6080",
doi = "10.1016/S0893-6080(01)00078-8",
author = "Eugene M. Izhikevich"
}

%24izhikevich
@article{SmithRinzel2000,
    author = {Gregory D. Smith and John Rinzel and Gregory D and Charles L. Cox and Charles L. Cox and S. Murray Sherman and S. Murray Sherman},
    title = {Fourier Analysis of Sinusoidally Driven Thalamocortical Relay Neurons and a Minimal Integrate-and-Fire-or-Burst Model},
    journal = {J. Neurophysiol},
    year = {2000},
    volume = {83},
    pages = {588--610}
}

%17
@article{BatlloriLaramee2011,
title = "Evolving spiking neural networks for robot control",
journal = "Procedia Computer Science",
volume = "6",
number = "0",
pages = "329 - 334",
year = "2011",
issn = "1877-0509",
doi = "10.1016/j.procs.2011.08.060",
author = "R. Batllori and C.B. Laramee and W. Land and J.D. Schaffer"
}

%15
@article{WangHouZou2008,
title = "A behavior controller based on spiking neural networks for mobile robots",
journal = "Neurocomputing",
volume = "71",
number = "4-6",
pages = "655 - 666",
year = "2008",
issn = "0925-2312",
doi = "10.1016/j.neucom.2007.08.025",
author = "Xiuqing Wang and Zeng-Guang Hou and Anmin Zou and Min Tan and Long Cheng"
}

%16
@article{NaldaCases2008,
title = "Topos: Spiking neural networks for temporal pattern recognition in complex real sounds",
journal = "Neurocomputing",
volume = "71",
number = "4-6",
pages = "721 - 732",
year = "2008",
issn = "0925-2312",
doi = "10.1016/j.neucom.2007.07.032",
author = "Pablo González-Nalda and Blanca Cases"
}

%1
@article{Maass1996,
    author = {Wolfgang Maass},
    title = {Networks of Spiking Neurons: The Third Generation of Neural Network Models},
    journal = {Neural Networks},
    year = {1996},
    volume = {10},
    pages = {1659--1671}
}

%21
@article{MuhammadPrevost2008,
title = "Real-time facial feature localization by combining space displacement neural networks",
journal = "Pattern Recognition Letters",
volume = "29",
number = "8",
pages = "1094 - 1104",
year = "2008",
issn = "0167-8655",
doi = "10.1016/j.patrec.2007.09.016",
author = "Shehzad Muhammad Hanif and Lionel Prevost and Rachid Belaroussi and Maurice Milgram"
}

%20
@article{MatsuguKatsuhiko2003,
title = "Subject independent facial expression recognition with robust face detection using a convolutional neural network",
journal = "Neural Networks",
volume = "16",
number = "5-6",
pages = "555 - 559",
year = "2003",
issn = "0893-6080",
doi = "10.1016/S0893-6080(03)00115-1",
author = "Masakazu Matsugu and Katsuhiko Mori and Yusuke Mitari and Yuji Kaneda"
}

%19
@article{Spiros2005,
title = "Emotion recognition through facial expression analysis based on a neurofuzzy network",
journal = "Neural Networks",
volume = "18",
number = "4",
pages = "423 - 435",
year = "2005",
note = "Emotion and Brain",
issn = "0893-6080",
doi = "10.1016/j.neunet.2005.03.004",
author = "Spiros V. Ioannou and Amaryllis T. Raouzaiou and Vasilis A. Tzouvaras and Theofilos P. Mailis and Kostas C. Karpouzis and Stefanos D. Kollias"
}

%22
@article {Amunts2005,
   author = {Amunts, K. and Kedo, O. and Kindler, M. and Pieperhoff, P. and Mohlberg, H. and Shah, N.J. and Habel, U. and Schneider, F. and Zilles, K.},
   affiliation = {IME Research Center Jülich 52425 Jülich Germany},
   title = {Cytoarchitectonic mapping of the human amygdala, hippocampal region and entorhinal cortex: intersubject variability and probability maps},
   journal = {Anatomy and Embryology},
   publisher = {Springer Berlin / Heidelberg},
   issn = {0340-2061},
   pages = {343-352},
   volume = {210},
   year = {2005}
}



@article{Izhikevich2004,
    address = {The Neurosciences Institute, San Diego, CA 92121, USA. Eugene.Izhikevich@nsi.edu},
    author = {Izhikevich, Eugene M.},
    doi = {10.1109/TNN.2004.832719},
    issn = {1045-9227},
    journal = {IEEE transactions on neural networks / a publication of the IEEE Neural Networks Council},
    month = sep,
    number = {5},
    pages = {1063--1070},
    pmid = {15484883},
    posted-at = {2008-06-28 06:05:13},
    priority = {2},
    title = {{Which model to use for cortical spiking neurons?}},
    volume = {15},
    year = {2004}
}

@article{Sergerie2008,
title = "The role of the amygdala in emotional processing: A quantitative meta-analysis of functional neuroimaging studies",
journal = "Neuroscience \& Biobehavioral Reviews",
volume = "32",
number = "4",
pages = "811 - 830",
year = "2008",
issn = "0149-7634",
author = "Karine Sergerie and Caroline Chochol and Jorge L. Armony",
}



@article{Hager1979,
title = "Long-distance of transmission of facial affect signals",
journal = "Ethology and Sociobiology",
volume = "1",
number = "1",
pages = "77 - 82",
year = "1979",
note = "",
issn = "0162-3095",
author = "Joseph C. Hager and Paul Ekman",
keywords = "Facial expression"
}

@article{Fasel2003,
title = "Automatic facial expression analysis: a survey",
journal = "Pattern Recognition",
volume = "36",
number = "1",
pages = "259 - 275",
year = "2003",
issn = "0031-3203",
author = "B. Fasel and Juergen Luettin",
}

@article{Neta2011,
title = "Individual differences in neural activity during a facial expression vs. identity working memory task",
journal = "NeuroImage",
volume = "56",
number = "3",
pages = "1685 - 1692",
year = "2011",
note = "",
issn = "1053-8119",
author = "Maital Neta and Paul J. Whalen",
}

@article{Clatworthy2003,
title = "Coding of the contrasts in natural images by populations of neurons in primary visual cortex (V1)",
journal = "Vision Research",
volume = "43",
number = "18",
pages = "1983 - 2001",
year = "2003",
issn = "0042-6989",
author = "P.L. Clatworthy and M. Chirimuuta and J.S. Lauritzen and D.J. Tolhurst",
}


@article{Willmore2012,
title = "Contrast normalization contributes to a biologically-plausible model of receptive-field development in primary visual cortex (V1)",
journal = "Vision Research",
volume = "54",
number = "0",
pages = "49 - 60",
year = "2012",
issn = "0042-6989",
author = "Ben D.B. Willmore and Harry Bulstrode and David J. Tolhurst",
}



@article{Guntekin2007,
title = "Emotional face expressions are differentiated with brain oscillations",
journal = "International Journal of Psychophysiology",
volume = "64",
number = "1",
pages = "91 - 100",
year = "2007",
issn = "0167-8760",
doi = "10.1016/j.ijpsycho.2006.07.003",
author = "Bahar Güntekin and Erol Basar",
}


@article{Fellenz1999,
title = "Comparing template-based, feature-based and supervised classification of facial expressions from static images",
journal = "Proceedings of Circuits, Systems, Communications and Computers",
pages = "5331-5336",
year = "1999",
author = "W. Fellenz, J. Taylor, N. Tsapatsoulis, S. Kollias",
}

@article{Belhumeur1997,
    author = {Belhumeur, Peter N. and Hespanha, Joao and Kriegman, David J.},
    journal = {IEEE Transactions on Pattern Analysis and Machine Intelligence},
    keywords = {pca, recognition},
    number = {7},
    pages = {711--720},
    title = {{Eigenfaces vs. Fisherfaces: Recognition Using Class Specific Linear Projection}},
    volume = {19},
    year = {1997}
}


@article{Essa1997,
 author = {Essa, Irfan A. and Pentland, Alex P.},
 title = {Coding, Analysis, Interpretation, and Recognition of Facial Expressions},
 journal = {IEEE Trans. Pattern Anal. Mach. Intell.},
 volume = {19},
 issue = {7},
 month = {July},
 year = {1997},
 issn = {0162-8828},
 pages = {757--763},
 publisher = {IEEE Computer Society},
} 


@article{Rowley1998,
 author = {Rowley, Henry A. and Baluja, Shumeet and Kanade, Takeo},
 title = {Neural Network-Based Face Detection},
 journal = {IEEE Trans. Pattern Anal. Mach. Intell.},
 volume = {20},
 issue = {1},
 month = {January},
 year = {1998},
 issn = {0162-8828},
 pages = {23--38},
 numpages = {16},
 publisher = {IEEE Computer Society},
} 

@article{Lanitis1997,
 author = {Lanitis, Andreas and Taylor, Chris J. and Cootes, Timothy F.},
 title = {Automatic Interpretation and Coding of Face Images Using Flexible Models},
 journal = {IEEE Trans. Pattern Anal. Mach. Intell.},
 volume = {19},
 issue = {7},
 month = {July},
 year = {1997},
 issn = {0162-8828},
 pages = {743--756},
 numpages = {14},
 publisher = {IEEE Computer Society},
} 

@article{RuizdelSolar2008,
title = "Illumination compensation and normalization in eigenspace-based face recognition: A comparative study of different pre-processing approaches",
journal = "Pattern Recognition Letters",
volume = "29",
number = "14",
pages = "1966 - 1979",
year = "2008",
issn = "0167-8655",
author = "Javier Ruiz-del-Solar and Julio Quinteros",
}

@article{Kim2004,
title = "Face recognition using the second-order mixture-of-eigenfaces method",
journal = "Pattern Recognition",
volume = "37",
number = "2",
pages = "337 - 349",
year = "2004",
author = "Hyun-Chul Kim and Daijin Kim and Sung Yang Bang and Sang-Youn Lee",
}

@article{JyostnaDevi2010,
title = "A novel face recognition system based on combining eigenfaces with fisher faces using wavelets",
journal = "Procedia Computer Science",
volume = "2",
number = "0",
pages = "44 - 51",
year = "2010",
issn = "1877-0509",
author = "B. Jyostna Devi and N. Veeranjaneyulu and K.V.K. Kishore",
}

@article{Dornaika2007,
title = "Rigid and non-rigid face motion tracking by aligning texture maps and stereo 3D models",
journal = "Pattern Recognition Letters",
volume = "28",
number = "15",
pages = "2116 - 2126",
year = "2007",
issn = "0167-8655",
author = "Fadi Dornaika and Angel D. Sappa",
}


@article{Nair2011,
title = "Multi-Pose Face Recognition And Tracking System",
journal = "Procedia Computer Science",
volume = "6",
number = "0",
pages = "381 - 386",
year = "2011",
issn = "1877-0509",
author = "Binu Muraleedharan Nair and Jacob Foytik and Richard Tompkins and Yakov Diskin and Theus Aspiras and Vijayan Asari",
}


@article{Venkatesh2009,
title = "A novel approach to classification of facial expressions from 3D-mesh datasets using modified PCA",
journal = "Pattern Recognition Letters",
volume = "30",
number = "12",
pages = "1128 - 1137",
year = "2009",
issn = "0167-8655",
author = "Y.V. Venkatesh and Ashraf A. Kassim and O.V. Ramana Murthy",
}

@article{Gu2012,
title = "Facial expression recognition using radial encoding of local Gabor features and classifier synthesis",
journal = "Pattern Recognition",
volume = "45",
number = "1",
pages = "80 - 91",
year = "2012",
note = "",
issn = "0031-3203",
author = "Wenfei Gu and Cheng Xiang and Y.V. Venkatesh and Dong Huang and Hai Lin",
}

@article{Sanchez2011,
title = "Differential optical flow applied to automatic facial expression recognition",
journal = "Neurocomputing",
volume = "74",
number = "8",
pages = "1272 - 1282",
year = "2011",
note = "Selected Papers from the 3rd International Work-Conference on the Interplay between Natural and Artificial Computation (IWINAC 2009)",
issn = "0925-2312",
author = "A. Sánchez and J.V. Ruiz and A.B. Moreno and A.S. Montemayor and J. Hernández and J.J. Pantrigo",
}


@article{Maalej2011,
title = "Shape analysis of local facial patches for 3D facial expression recognition",
journal = "Pattern Recognition",
volume = "44",
number = "8",
pages = "1581 - 1589",
year = "2011",
note = "",
issn = "0031-3203",
author = "Ahmed Maalej and Boulbaba Ben Amor and Mohamed Daoudi and Anuj Srivastava and Stefano Berretti",
}

@article{Dornaika2011,
title = "Improving dynamic facial expression recognition with feature subset selection",
journal = "Pattern Recognition Letters",
volume = "32",
number = "5",
pages = "740 - 748",
year = "2011",
note = "",
issn = "0167-8655",
author = "F. Dornaika and E. Lazkano and B. Sierra",
}

@article{Xiang2008,
title = "Expression recognition using fuzzy spatio-temporal modeling",
journal = "Pattern Recognition",
volume = "41",
number = "1",
pages = "204 - 216",
year = "2008",
note = "",
issn = "0031-3203",
author = "T. Xiang and M.K.H. Leung and S.Y. Cho",
}

@article{Park2009,
title = "Subtle facial expression recognition using motion magnification",
journal = "Pattern Recognition Letters",
volume = "30",
number = "7",
pages = "708 - 716",
year = "2009",
note = "",
issn = "0167-8655",
}


@article{Wang2009,
title = "Facial expression recognition system based on rigid and non-rigid motion separation and 3D pose estimation",
journal = "Pattern Recognition",
volume = "42",
number = "5",
pages = "962 - 977",
year = "2009",
note = "",
issn = "0031-3203",
author = "Te-Hsun Wang and Jenn-Jier James Lien",
}

@article{Klimesch1999, 
title={EEG alpha and theta oscillations reflect cognitive and memory performance: a review and analysis.},
volume={29},
url={http://www.ncbi.nlm.nih.gov/pubmed/10209231},
number={2-3},
journal={Brain research Brain research reviews},
publisher={Elsevier},
author={Klimesch, W},
year={1999},
pages={169--95}
}

@article{Basar2001,
title={Gamma, alpha, delta, and theta oscillations govern cognitive processes.},
volume={39},
url={http://www.ncbi.nlm.nih.gov/pubmed/11163901},
number={2-3},
journal={International Journal of Psychophysiology},
publisher={Elsevier},
author={Başar, E and Başar-Eroglu, C and Karakaş, S and Schürmann, M},
year={2001},
pages={241--8}
}

@article{Engel2001,
title={Dynamic predictions: oscillations and synchrony in top-down processing.},
volume={2},
url={http://www.ncbi.nlm.nih.gov/pubmed/11584308},
number={10},
journal={Nature Reviews Neuroscience},
publisher={Nature Publishing Group},
author={Engel, A K and Fries, P and Singer, W},
year={2001},
pages={704--716}
}

@article{Kahana2001,
title={Theta returns},
volume={11},
url={http://www.ncbi.nlm.nih.gov/pubmed/11741027},
number={6},
journal={Current Opinion in Neurobiology},
publisher={Elsevier Science},
author={Kahana, M J and Seelig, D and Madsen, J R},
year={2001},
pages={739--744}
}

@article{Ward2003,
title={Synchronous neural oscillations and cognitive processes.},
volume={7},
url={http://linkinghub.elsevier.com/retrieve/pii/S1364661303002894},
number={12},
journal={Trends in Cognitive Sciences},
publisher={Elsevier},
author={Ward, Lawrence M},
year={2003},
pages={553--559}
}
