%% This BibTeX bibliography file was created using BibDesk.
%% http://bibdesk.sourceforge.net/


%% PacoSoft  

%%%%%%%%%%%%%%%%%% TESIS FAG %%%%%%%%%%%%%%%%%%

@inproceedings{101,
author={Consejo Nacional de Población (CONAPO)}, 
booktitle={En La situación demográfica en México}, 
title={Veinticinco años de transición epidemiológica en México}, 
year={1999}, 
month={}, 
volume={}, 
number={}, 
pages={ 11 - 14}, 
keywords={}, 
doi={}, 
ISSN={ },}

@inproceedings{102,
Author={Zubieta Bertina - Ruiz}, 
booktitle={Impacto en la Morbilidad y Mortalidad Pediátrica. Acta Pediátrica Mexicana}, 
title={Enfermedades Genéticas y Defectos al Nacimiento.}, 
year={2009}, 
month={Julio}, 
volume={}, 
number={}, 
pages={30(4):220–225}, 
keywords={}, 
doi={}, 
ISSN={ },}

@inproceedings{1022,
Author={Castleman, Q. W.}, 
booktitle={Impacto en la Morbilidad y Mortalidad Pediátrica. Acta Pediátrica Mexicana}, 
title={Microscope Image Processing. Academic Press}, 
year={2008}, 
month={Julio}, 
volume={}, 
number={}, 
pages={30(4):220–225}, 
keywords={}, 
doi={}, 
ISSN={ },}


@inproceedings{103,
Author={Chung, H. S.}, 
booktitle={International Journal of HWRS}, 
title={Real-time Face Tracker using Ellipse Fitting and Color Look-up Table in Irregular Illumination}, 
year={2003}, 
month={}, 
volume={}, 
number={}, 
pages={29-33}, 
keywords={}, 
doi={}, 
ISSN={ },}


@inproceedings{104,
Author={Emary, I. M.}, 
booktitle={Journal of Computer Science}, 
title={On the Application of Artificial Neural Networks in Analyzing and Classifying the Human Chromosomes}, 
year={2006}, 
month={}, 
volume={}, 
number={}, 
pages={72-75}, 
keywords={}, 
doi={}, 
ISSN={ },}

@inproceedings{105,
Author={Frank, I. H.}, 
booktitle={Journal of Computer Science}, 
title= {Data Mining: Practical Machine Learning Tools and Techniques}, 
year={2005}, 
month={}, 
volume={}, 
number={}, 
pages={}, 
keywords={}, 
doi={}, 
ISSN={ },}

@inproceedings{106,
Author={Gao, G. R.}, 
booktitle={Pattern Recognition}, 
title= {Automatic segmentation of metaphase cells based on global context and variant analysis}, 
year={2008}, 
month={}, 
volume={}, 
number={}, 
pages={38-55}, 
keywords={}, 
doi={}, 
ISSN={ },}
 
 
@inproceedings{1077,
 Author={Gonzalez, R. C.}, 
 booktitle={Pattern Recognition}, 
 title= {Digital Image Processing}, 
 series = {3rd Edition},
 year = {2006},
 isbn = {},
 location = {Upper Saddle River},
 pages = {},
 numpages = {},
 url = {},
 doi = {},
 acmid = {},
 publisher = {Prentice-Hall, Inc.},
 address = {New Jersey, USA},
 keywords = {},
}

@inproceedings{108,
 Author={Gonzalez, R. C.}, 
 booktitle={Pattern Recognition}, 
 title= {Digital Image Processing}, 
 series = {3rd Edition},
 year = {2006},
 isbn = {},
 location = {Upper Saddle River},
 pages = {},
 numpages = {},
 url = {},
 doi = {},
 acmid = {},
 publisher = {Prentice-Hall, Inc.},
 address = {New Jersey, USA},
 keywords = {},
}


@inproceedings{109,
 Author={Jaroensutasinee, W. S.}, 
 booktitle={Walailak J Sci and Tech}, 
 title= {Segmentation of Overlapping Chromosome Images Using Computational Geometry}, 
 series = {},
 year = {2006},
 isbn = {},
 location = {},
 pages = {181-194},
 numpages = {},
 url = {},
 doi = {},
 acmid = {},
 publisher = {},
 address = {},
 keywords = {},
}


@inproceedings{110,
 Author={Kaehler, G. B.}, 
 booktitle={}, 
 title= {Learning OpenCV}, 
 series = {},
 year = {2008},
 isbn = {},
 location = {},
 pages = {},
 numpages = {},
 url = {},
 doi = {},
 acmid = {},
 publisher = {OReilly Media Inc},
 address = {},
 keywords = {},
}

@inproceedings{111,
 Author={Lerner, B.}, 
 booktitle={IEEE Transactions on Systems, Man, and Cybernetics}, 
 title= {Toward A Completely Automatic Neural Network Based Human Chromosome Analysis.}, 
 series = {},
 year = {1998},
 isbn = {},
 location = {},
 pages = {554-552},
 numpages = {},
 url = {},
 doi = {},
 acmid = {},
 publisher = {},
 address = {},
 keywords = {},
}


@inproceedings{112,
 Author={Meer, D. C.}, 
 booktitle={IEEE Transactions on Pattern Analysis and Machine Intelligence}, 
 title= { Mean Shift: A Robust Approach Toward Feature Space Analysis}, 
 series = {},
 year = {2002},
 isbn = {},
 location = {},
 pages = {603-619},
 numpages = {},
 url = {},
 doi = {},
 acmid = {},
 publisher = {},
 address = {},
 keywords = {},
}


@inproceedings{113,
 Author={Messiha, A. M.-E.}, 
 booktitle={PROCEEDINGS OF THE IEEE MIDWEST SYMPOSIUM ON CIRCUITS AND SYSTEMS}, 
 title= {Chrosmosomes Classification based on Neural Networks, Fuzzy Rule based, and Template Matching Classifiers}, 
 series = {},
 year = {2003},
 isbn = {},
 location = {},
 pages = {383-387},
 numpages = {},
 url = {},
 doi = {},
 acmid = {},
 publisher = {},
 address = {},
 keywords = {},
}

@inproceedings{114,
 Author={Park, Y. P.-h.}, 
 booktitle={ICIP}, 
 title= {Image Resolution Enhancement using Inter-Subband Correlation in Wavelet Domain}, 
 series = {},
 year = {2007},
 isbn = {},
 location = {},
 pages = {445-448},
 numpages = {},
 url = {},
 doi = {},
 acmid = {},
 publisher = {},
 address = {},
 keywords = {},
}


@inproceedings{115,
 Author={Rodríguez, V. G.}, 
 booktitle={IEEE Intl. Conf. on Image Processing}, 
 title= {Chromosome counting Via Digital Image Analysis}, 
 series = {},
 year = {2004},
 isbn = {},
 location = {},
 pages = {2929-2932},
 numpages = {},
 url = {},
 doi = {},
 acmid = {},
 publisher = {},
 address = {},
 keywords = {},
}

@inproceedings{116,
 Author={Tarik Al-ani, Q. T.}, 
 booktitle={IEEE International Conference on Control Applications}, 
 title= {On-line Automatic Detection of Human Activity in Home Using Wavelet and Hidden Markov Models Scilab Toolkits.}, 
 series = {},
 year = {2007},
 isbn = {},
 location = {},
 pages = {485-490},
 numpages = {},
 url = {},
 doi = {},
 acmid = {},
 publisher = {},
 address = {},
 keywords = {},
}

@inproceedings{117,
 Author={Uyyanonvara, K. K.}, 
 booktitle={Proc. VIIth Digital Image Computing: Techniques and Applications}, 
 title= {Fast Adaptive Algorithm for Time-Critical Color Quantization Application}, 
 series = {},
 year = {2003},
 isbn = {},
 location = {},
 pages = {781-785},
 numpages = {},
 url = {},
 doi = {},
 acmid = {},
 publisher = {},
 address = {},
 keywords = {},
}

@inproceedings{118,
 Author={Ying Wu, Q. L.}, 
 booktitle={Proc. Asian Conf. on Computer Vision}, 
 title= {An Adaptive Self-Organizing Color Segmentation Algorithm with Application to Robust Real-time Human Hand Localization}, 
 series = {},
 year = {2000},
 isbn = {},
 location = {},
 pages = {},
 numpages = {},
 url = {},
 doi = {},
 acmid = {},
 publisher = {},
 address = {},
 keywords = {},
}

@inproceedings{119,
 Author={Doug Tidwell, James Snell, Pavel Kulchenko}, 
 booktitle={}, 
 title= {Programming Web Services with SOAP}, 
 series = {1a Edicion},
 year = {2001},
 isbn = {0-596-00095-2},
 location = {},
 pages = {10},
 numpages = {},
 url = {},
 doi = {},
 acmid = {},
 publisher = {O'Reilly},
 address = {},
 keywords = {},
}

@inproceedings{120,
 Author={Cerami Ethan}, 
 booktitle={}, 
 title= {Web Services Essentials}, 
 series = {1a Edicion},
 year = {2002},
 isbn = {0-596-00224-6},
 location = {},
 pages = {304},
 numpages = {},
 url = {},
 doi = {},
 acmid = {},
 publisher = {O'Reilly},
 address = {},
 keywords = {},
}

@inproceedings{121,
 Author={Canta, Rufino, Restuccia y Ruiz}, 
 booktitle={Trabajo de investigación}, 
 title= {Web Services}, 
 series = {},
 year = {2003},
 isbn = {},
 location = {},
 pages = {},
 numpages = {},
 url = {},
 doi = {},
 acmid = {},
 publisher = { Universidad
Católica de Salta, Salta, Argentina},
 address = {},
 keywords = {},
}

@inproceedings{122,
 Author={Microsoft business solutions.}, 
 booktitle={}, 
 title= {E-business - White paper}, 
 series = {},
 year = {2003},
 isbn = {},
 location = {www.dei.isep.ipp.pt/~qtdei/qtdei/MBSPT%20%20E-biz%20white%20paper.pdf},
 pages = {},
 numpages = {},
 url = {},
 doi = {},
 acmid = {},
 publisher = {},
 address = {},
 keywords = {},
}

@inproceedings{123,
 Author={Losavio, Ortega y Perez}, 
 booktitle={Towards a Standard EAI Quality terminology}, 
 title= {Proceedings of XXIII
International Conference of The Chilean Computer Science Society}, 
 series = {},
 year = {2003},
 isbn = {},
 location = {www.dei.isep.ipp.pt/~qtdei/qtdei/MBSPT%20%20E-biz%20white%20paper.pdf},
 pages = {119-129},
 numpages = {},
 url = {},
 doi = {},
 acmid = {},
 publisher = {},
 address = {},
 keywords = {},
}

@inproceedings{124,
 Author={Xabier Basogain Olabe}, 
 booktitle={Curso}, 
 title= {Redes Neuronales Artificiales y sus aplicaciones}, 
 series = {ocw.ehu.es/ensenanzas-tecnicas/redes-neuronales-artificiales-y-sus-aplicaciones/contenidos/pdf/libro-del-curso},
 year = {},
 isbn = {},
 location = {},
 pages = {},
 numpages = {},
 url = {http://ocw.ehu.es/ensenanzas-tecnicas/redes-neuronales-artificiales-y-sus-aplicaciones/contenidos/pdf/libro-del-curso},
}

@inproceedings{125,
 Author={S. Haykin}, 
 booktitle={Neuronal Networks Expands SPs Horizons}, 
 title= {IEEE Signal Processing Magazine}, 
 series = {Marzo},
 year = {1996},
 isbn = {},
 location = {vol. 3},
 pages = {24-49},
 numpages = {},
 url = {},
 doi = {},
 acmid = {},
 publisher = {},
 address = {},
 keywords = {},
}


@inproceedings{126,
 Author={M.H. Hassoun}, 
 booktitle={Fundamental of Artifical Neural Networks}, 
 title= {MIT Press}, 
 series = {},
 year = {1995},
 isbn = {},
 location = {},
 pages = {},
 numpages = {},
 url = {},
 doi = {},
 acmid = {},
 publisher = {},
 address = {},
 keywords = {},
}


@inproceedings{127,
 Author={Don G Chen}, 
 booktitle={From Chaos to Order: Methodologies Perspectives and aplications}, 
 title= {World Scientifics Series}, 
 series = {},
 year = {1998},
 isbn = {},
 location = {},
 pages = {},
 numpages = {},
 url = {},
 doi = {},
 acmid = {},
 publisher = {},
 address = {},
 keywords = {},
}


@inproceedings{128,
 Author={L Fausett}, 
 booktitle={Fundamental of Neural Networks: Architectures, Algorithms and Aplications}, 
 title= {Prentice Hall}, 
 series = {},
 year = {1994},
 isbn = {},
 location = {},
 pages = {},
 numpages = {},
 url = {},
 doi = {},
 acmid = {},
 publisher = {},
 address = {},
 keywords = {},
}

@inproceedings{129,
 Author={J. Proakis}, 
 booktitle={Tratamiento digital de señales}, 
 title= {}, 
 series = {},
 year = {1997},
 isbn = {},
 location = {},
 pages = {},
 numpages = {},
 url = {},
 doi = {},
 acmid = {},
 publisher = {},
 address = {},
 keywords = {},
}

@inproceedings{130,
 Author={C.A. Mead }, 
 booktitle={A silicon model of early visual processing}, 
 title= {Neuronal Networks}, 
 series = {},
 year = {1988},
 isbn = {},
 location = {},
 pages = {},
 numpages = {},
 url = {},
 doi = {},
 acmid = {},
 publisher = {},
 address = {},
 keywords = {},
}

@inproceedings{131,
 Author={M. Moradi, S. Kamaledin}, 
 booktitle={New features for automatic classification of human chromosomes: a feasibility study.}, 
 title= {Pattern Recognition}, 
 series = {},
 year = {2006},
 isbn = {},
 location = {},
 pages = {27, 19, 28},
 numpages = {},
 url = {},
 doi = {},
 acmid = {},
 publisher = {},
 address = {},
 keywords = {},
}

@inproceedings{132,
 Author = {Benoît Legrand and C.S. Chang and S.H. Ong and Soek-Ying Neo and Nallasivam Palanisamy},
 booktitle={Pattern Recognition Letters},
 title = {Chromosome classification using dynamic time warping},
 series = {},
 year = {2008},
 isbn = {0167-8655},
 location = {},
 pages = {215 - 222},
 numpages = {3},
 url = {},
 doi = {},
 acmid = {},
 publisher = {},
 address = {},
 keywords = {Chromosome, Karyotype},
}


@inproceedings{2008,
 author = {Ritter, Gunter and Gao, Le},
 title = {Automatic segmentation of metaphase cells based on global context and variant analysis},
 journal = {Pattern Recogn.},
 issue_date = {January, 2008},
 volume = {41},
 number = {1},
 month = jan,
 year = {2008},
 issn = {0031-3203},
 pages = {38-55},
 numpages = {18},
 publisher = {Elsevier Science Inc.},
}

@inproceedings{133,
 Author={M. Moradi, S. Kamaledin}, 
 booktitle={Automatic segmentation of metaphase cell based on global context and variant analysis},
 title= {ScienceDirect}, 
 series = {Pattern Recognition},
 year = {2008},
 isbn = {},
 location = {},
 pages = {38 - 55},
 numpages = {},
 url = {www.sciencedirect.com},
 doi = {},
 acmid = {},
 publisher = {},
 address = {},
 keywords = {},
}

@inproceedings{134,
 Author={Damian Sinay}, 
 booktitle={Web Services con C#},
 title= {Web Services con C#},
 series = {Users.code},
 year = {2008},
 isbn = {9789871347117},
 location = {},
 pages = {14-25},
 numpages = {},
 url = {},
 doi = {},
 acmid = {},
 publisher = {},
 address = {},
 keywords = {},
}


@inproceedings{135,
 Author={J. Piper and E. Granum.},
 booktitle={On Fully Automatic Feature Measurement
 fot Banded Chromosome Classification},
 title= {Cytometry},
 series = {},
 year = {1989},
 isbn = {},
 location = {},
 pages = {},
 numpages = {},
 url = {},
 doi = {},
 acmid = {},
 publisher = {},
 address = {},
 keywords = {},
}

@inproceedings{136,
 Author={L. Vanderheydt, F. Dom, A. Oosterlinck and H. Berghe},
 booktitle={Twodimensional
 shape decomposition using fuzzy subset theory applied
 to automated chromosome analysis},
 title= {Pattern Recognition},
 series = {},
 year = {1981},
 isbn = {},
 location = {},
 pages = {},
 numpages = {},
 url = {},
 doi = {},
 acmid = {},
 publisher = {},
 address = {},
 keywords = {},
}

@inproceedings{137,
 Author={C. Gaybay},
 booktitle={Image structure representation and processing: a
 discussion of some segmentation methods in cytology},
 title= {IEEE Trans. Pattern Anal. Mach. Intell.},
 series = {},
 year = {1981},
 isbn = {},
 location = {},
 pages = {},
 numpages = {},
 url = {},
 doi = {},
 acmid = {},
 publisher = {},
 address = {},
 keywords = {},
}

@inproceedings{138,
 Author={D. Ming and J. Tian},
 booktitle=Automatic Pattern Extraction and Classification for Chromosome Images},
 title= {Infrared Milli Terahz Waves.},
 series = {},
 year = {2010},
 isbn = {},
 location = {},
 pages = {},
 numpages = {},
 url = {},
 doi = {},
 acmid = {},
 publisher = {},
 address = {},
 keywords = {},
}

