@article{Zaidel/Hessamian:2010,
author = "{Dahlia W. Zaidel and Marjan Hessamian}",
title = "{Asymmetry and Symmetry in the Beauty of Human Faces}",
journal = "{Symmetry}",
year = "{2010}",
volume = "{2}",
pages = "{136-149}"
}
