@article {springerlink:10.1023/B:BTTJ.0000015537.71918.c2,
   author = {Muschamp, Paul},
   title = {An introduction to Web Services},
   journal = {BT Technology Journal},
   publisher = {Springer Netherlands},
   issn = {1358-3948},
   keyword = {Computer Science},
   pages = {9-18},
   volume = {22},
   issue = {1},
   url = {http://dx.doi.org/10.1023/B:BTTJ.0000015537.71918.c2},
   note = {10.1023/B:BTTJ.0000015537.71918.c2},
   year = {2004}
}