%Sort{
% Mode{on}
% Collation{mixed}
% SortTypeOrder{name}
% NameOrder{ascending}
%}


@article{Fasel01,
    author = "B. Fasel, Juergen Luettin",
    title = "Automatic facial expression analysis: a survey",
    year = "2003",
    issn = {00313203}
}

@inproceedings{Wang2007,
  title = {Quantifying Facial Expression Abnormality in Schizophrenia by Combining 2D and 3D Features},
  author = {Peng Wang and Christian K\"ohler and Fred Barrett and Raquel E. Gur and Ruben C. Gur and Ragini Verma},
  year = {2007},
  booktitle = {2007 IEEE Computer Society Conference on Computer Vision and Pattern Recognition (CVPR 2007), 18-23 June 2007, Minneapolis, Minnesota, USA},
  publisher = {IEEE Computer Society},
}

@inproceedings{Yin2006,
 author = {Yin, Lijun and Wei, Xiaozhou and Longo, Peter and Bhuvanesh, Abhinesh},
 title = {Analyzing Facial Expressions Using Intensity-Variant 3D Data For Human Computer Interaction},
 booktitle = {Proceedings of the 18th International Conference on Pattern Recognition - Volume 01},
 series = {ICPR '06},
 year = {2006},
 isbn = {0-7695-2521-0},
 pages = {1248--1251},
 publisher = {IEEE Computer Society},
} 



@article{Tsalakanidou2010,
 author = {Tsalakanidou, Filareti and Malassiotis, Sotiris},
 title = {Real-time 2D+3D facial action and expression recognition},
 journal = {Pattern Recogn.},
 issue_date = {May, 2010},
 volume = {43},
 number = {5},
 month = may,
 year = {2010},
 issn = {0031-3203},
 pages = {1763--1775},
 publisher = {Elsevier Science Inc.},
} 


@article{Zhang01,
title = "Face recognition across pose: A review",
journal = "Pattern Recognition",
volume = "42",
number = "11",
pages = "2876 - 2896",
year = "2009",
note = "",
issn = "0031-3203",
author = "Xiaozheng Zhang and Yongsheng Gao"
}

@article{Cinar01,
title = "Robust classification of face and head gestures in video",
journal = "Image and Vision Computing",
volume = "29",
number = "7",
year = "2011",
issn = "0262-8856",
author = "Hatice Cinar Akakin and B\"ulent Sankur"
}


@article{Geng01,
title = "Face recognition based on the multi-scale local image structures",
journal = "Pattern Recognition",
volume = "44",
number = "11",
pages = "2565 - 2575",
year = "2011",
issn = "0031-3203",
author = "Cong Geng and Xudong Jiang"
}



@article{Cootes2002,
title = "View-based active appearance models",
journal = "Image and Vision Computing",
volume = "20",
number = "9-10",
pages = "657 - 664",
year = "2002",
issn = "0262-8856",
url = "http://www.sciencedirect.com/science/article/pii/S0262885602000550",
author = "T.F Cootes and G.V Wheeler and K.N Walker and C.J Taylor"
}






@article{Holte01,
title = "View-invariant gesture recognition using 3D optical flow and harmonic motion context",
journal = "Computer Vision and Image Understanding",
volume = "114",
number = "12",
pages = "1353 - 1361",
year = "2010",
issn = "1077-3142",
author = "M.B. Holte and T.B. Moeslund and P. Fihl"
}


@article{Sanchez01,
title = "Differential optical flow applied to automatic facial expression recognition",
journal = "Neurocomputing",
volume = "74",
number = "8",
pages = "1272 - 1282",
year = "2011",
issn = "0925-2312",
author = "A. S\'anchez and J.V. Ruiz and A.B. Moreno and A.S. Montemayor and J. Hern\'andez and J.J. Pantrigo"
}


@article{Vetter01,
    author = "Vetter Thomas and Volker Blanz",
    title = "A Morphable Model Forthe Synthesis Of 3D Faces",
    year = "2003"
}


@article{Yuki01,
title = "Real-time face tracking and recognition by sparse eigentracker with associative mapping to 3D shape",
journal = "Image and Vision Computing",
year = "2012",
issn = "0262-8856",
author = "Yuki Oka and Takeshi Shakunaga"
}


@article{Choi,
title = "Simplified Gabor wavelets for human face recognition",
journal = "Pattern Recognition",
volume = "41",
number = "3",
pages = "1186 - 1199",
year = "2008",
issn = "0031-3203",
author = "Wing-Pong Choi and Siu-Hong Tse and Kwok-Wai Wong and Kin-Man Lam"
}



@article{Gao,
title = "Gabor texture in active appearance models",
journal = "Neurocomputing",
volume = "72",
number = "13-15",
pages = "3174 - 3181",
year = "2009",
issn = "0925-2312",
author = "Xinbo Gao and Ya Su and Xuelong Li and Dacheng Tao",
}



@article{Sun01,
title = "Fast optical flow using 3D shortest path techniques",
journal = "Image and Vision Computing",
volume = "20",
number = "13-14",
pages = "981 - 991",
year = "2002",
note = "",
issn = "0262-8856",
author = "Changming Sun"
}


@article{Wang01,
title = "Facial expression recognition system based on rigid and non-rigid motion separation and 3D pose estimation",
journal = "Pattern Recognition",
volume = "42",
number = "5",
pages = "962 - 977",
year = "2009",
note = "",
issn = "0031-3203",
author = "Te-Hsun Wang and Jenn-Jier James Lien"
}

@article{Mora,
    author = "Jose Gonzalez-Mora and Fernando de la Torre and Nicolas Guill",
    title = "Learning a generic 3D face model from 2D images databases using incremental structure-from-Motion",
    year = "2010"
}



@article{Peng,
title = "Drift-correcting template update strategy for precision feature point tracking",
journal = "Image and Vision Computing",
volume = "28",
number = "8",
pages = "1280 - 1292",
year = "2010",
issn = "0262-8856",
author = "Xiaoming Peng and Mohammed Bennamoun and Qian Ma and Ying Lei and Qiheng Zhang and Wufan Chen"
}


@article{Daugman1,
author={Daugman, J.G.}, 
journal={Acoustics, Speech and Signal Processing, IEEE Transactions on}, title={Complete discrete 2-D Gabor transforms by neural networks for image analysis and compression}, 
year={1988}, 
month={jul}, 
volume={36}, 
number={7}, 
pages={1169 -1179}, 
keywords={2-D Gabor wavelet template;2-D spectral coordinates;2D discrete signals;dilations;discrete 2-D Gabor transforms;image analysis;image compression;image segmentation;interlaminar interactions;log-polar ensemble;neural networks;rotations;transform coefficients;translations;wavelet expansions;neural nets;picture processing;transforms;}, 
ISSN={0096-3518},
}


@article{Wan01,
title = "An accurate active shape model for facial feature extraction",
journal = "Pattern Recognition Letters",
volume = "26",
number = "15",
pages = "2409 - 2423",
year = "2005",
note = "",
issn = "0167-8655",
author = "Kwok-Wai Wan and Kin-Man Lam and Kit-Chong Ng"
}


@article{Lee2009,
title = "A comparative study of facial appearance modeling methods for active appearance models",
journal = "Pattern Recognition Letters",
volume = "30",
number = "14",
pages = "1335 - 1346",
year = "2009",
note = "",
issn = "0167-8655",
author = "Sung Joo Lee and Kang Ryoung Park and Jaihie Kim"
}

@article{Motai2012,
title = "Human tracking from a mobile agent: Optical flow and Kalman filter arbitration",
journal = "Signal Processing: Image Communication",
volume = "27",
number = "1",
pages = "83 - 95",
year = "2012",
issn = "0923-5965",
author = "Yuichi Motai and Sumit Kumar Jha and Daniel Kruse"
}


@article{Levine2009,
title = "State-of-the-art of 3D facial reconstruction methods for face recognition based on a single 2D training image per person",
journal = "Pattern Recognition Letters",
volume = "30",
number = "10",
pages = "908 - 913",
year = "2009",
issn = "0167-8655",
author = "Martin D. Levine and Yingfeng (Chris) Yu"
}


@article{Xiaohua2009,
title = "Face detection using simplified Gabor features and hierarchical regions in a cascade of classifiers",
journal = "Pattern Recognition Letters",
volume = "30",
number = "8",
pages = "717 - 728",
year = "2007",
issn = "0167-8655",
author = "Li Xiaohua and Kin-Man Lam and Shen Lansun and Zhou Jiliu"
}



@article{Liao2007,
author =  "Shengcai Liao and Xiangxin Zhu and Zhen Lei and Lun Zhang and and Stan Z. Li",
year = "2007",
pages = "828-837",
title = "Learning Multi-scale Block Local Binary Patterns for Face Recognition"
}



@article{Lai2005,
title = "Face recognition using holistic Fourier invariant features",
journal = "Pattern Recognition",
volume = "34",
number = "1",
pages = "95 - 109",
year = "2005",
note = "",
issn = "0031-3203",
author = "Jian Huang Lai and Pong C. Yuen and Guo Can Feng"
}

@article{Abate2007,
title = "2D and 3D face recognition: A survey",
journal = "Pattern Recognition Letters",
volume = "28",
number = "14",
pages = "1885 - 1906",
year = "2007",
issn = "0167-8655",
author = "Andrea F. Abate and Michele Nappi and Daniel Riccio and Gabriele Sabatino"
}


@article{Tagliasacchi2007,
title = "A genetic algorithm for optical flow estimation",
journal = "Image and Vision Computing",
volume = "25",
number = "2",
pages = "141 - 147",
year = "2007",
issn = "0262-8856",
author = "Marco Tagliasacchi"
}



@article{elMostafa,
title = "3D optical flow computation using a parallel variational multigrid scheme with application to cardiac C-arm CT motion",
journal = "Image and Vision Computing",
volume = "25",
number = "9",
pages = "1482 - 1494",
year = "2007",
issn = "0262-8856",
author = "El Mostafa Kalmoun and Harald K\"ostler and Ulrich R\"ude"
}


@inproceedings{SunFer2008,
 author = {Sun, Yi and Yin, Lijun},
 title = {Facial Expression Recognition Based on 3D Dynamic Range Model Sequences},
 booktitle = {Proceedings of the 10th European Conference on Computer Vision: Part II},
 series = {ECCV '08},
 year = {2008},
 isbn = {978-3-540-88685-3},
 location = {Marseille, France},
 pages = {58--71},
 numpages = {14},
 publisher = {Springer-Verlag},
 address = {Berlin, Heidelberg},
} 


@INPROCEEDINGS{Rosato2008, 
author={Rosato, M. and Xiaochen Chen and Lijun Yin}, 
booktitle={Biometrics: Theory, Applications and Systems, 2008. BTAS 2008. 2nd IEEE International Conference on}, title={Automatic Registration of Vertex Correspondences for 3D Facial Expression Analysis}, 
year={2008}, 
month={October}, 
volume={}, 
number={1}, 
pages={1 -7}, 
keywords={3D facial expression analysis;3D facial expression categorization;3D facial expression databases;3D facial expression labeling;3D facial expression tracking;3D model sequences;automatic vertex correspondence registration;conformal mapping;feature registration;model adaptation algorithm;conformal mapping;face recognition;image registration;}, 
doi={10.1109/BTAS.2008.4699369}, 
ISSN={},}



@article{Kruger2002,
title = "Gabor wavelet networks for efficient head pose estimation",
journal = "Image and Vision Computing",
volume = "20",
number = "9-10",
pages = "665 - 672",
year = "2002",
issn = "0262-8856",
doi = "10.1016/S0262-8856(02)00056-2",
author = "Volker Kr\"uger and Gerald Sommer"
}


@article{Urtasun2006,
title = "Temporal motion models for monocular and multiview 3D human body tracking",
journal = "Computer Vision and Image Understanding",
volume = "104",
number = "2-3",
pages = "157 - 177",
year = "2006",
issn = "1077-3142",
author = "Raquel Urtasun and David J. Fleet and Pascal Fua"
}



@article{GarciaMartinez2012,
title = "Image difference detection under varying illumination based on vector space and correlations",
journal = "Optik - International Journal for Light and Electron Optics",
volume = "123",
number = "8",
pages = "665 - 669",
year = "2012",
issn = "0030-4026",
author = "Pascuala Garc\'ia-Mart\'inez and Abdelladif Gherabi and Henri H. Arsenault"
}


@online{faceApi2,
  author = {Seeing Machines},
  title = {{Face api features} \\ http://www.seeingmachines.com/product/faceapi/},
  year = 2012,
  url = {http://www.seeingmachines.com/product/faceapi/}
}


@online{affdex2,
  author = {Affectiva},
  title = {{Affdex overview} \\http://www.affectiva.com},
  year = 2012,
  url = {http://www.affectiva.com}
}



@article{Zhao01, 
author={Xi Zhao and Di Huang and Dellandre anda, E. and Liming Chen}, 
booktitle={Pattern Recognition (ICPR), 2010 20th International Conference on}, title={Automatic 3D Facial Expression Recognition Based on a Bayesian Belief Net and a Statistical Facial Feature Model}, 
year={2010}, 
month={aug.}, 
pages={3724 -3727}, 
ISSN={1051-4651},}


@INPROCEEDINGS{Lijun2006, 
author={Lijun Yin and Xiaozhou Wei and Yi Sun and Jun Wang and Rosato, M.J.}, 
booktitle={Automatic Face and Gesture Recognition, 2006. FGR 2006. 7th International Conference on}, title={A 3D facial expression database for facial behavior research}, 
year={2006}, 
month={april}, 
pages={211 -216}
}

@incollection{Savran2008,
 author = {Savran, Arman and Aly\"uz, Ne\c{s}e and Dibeklio\u{g}lu, Hamdi and \c{C}eliktutan, Oya and G\"okberk, Berk and Sankur, B\"ulent and Akarun, Lale},
 title = "{Bosphorus Database for 3D Face Analysis}",
 booktitle = {Biometrics and Identity Management},
 editor = {Schouten, Ben and Juul, Niels Christian and Drygajlo, Andrzej and Tistarelli, Massimo},
 year = {2008},
 isbn = {978-3-540-89990-7},
 pages = {47--56},
 numpages = {10},
 acmid = {1505758},
 publisher = {Springer-Verlag},
 address = {Berlin, Heidelberg},
} 



@article{Heseltine2008,
 author = {Heseltine, Thomas and Pears, Nick and Austin, Jim},
 title = {Three-dimensional face recognition using combinations of surface feature map subspace components},
 journal = {Image Vision Comput.},
 issue_date = {March, 2008},
 volume = {26},
 number = {3},
 month = mar,
 year = {2008},
 issn = {0262-8856},
 pages = {382--396},
 numpages = {15},
 url = {http://dx.doi.org/10.1016/j.imavis.2006.12.008},
 acmid = {1324644},
 publisher = {Butterworth-Heinemann},
 address = {Newton, MA, USA},
} 




@article{Fang2012,
title = "3D/4D Facial Expression Analysis: An Advanced Annotated Face Model Approach",
journal = "Image and Vision Computing",
year = "2012",
issn = "0262-8856",
author = "Tianhong Fang and Xi Zhao and Omar Ocegueda and Shishir K. Shah and Ioannis A. Kakadiaris"
}



@INPROCEEDINGS{Stratou2011, 
author={Stratou, G. and Ghosh, A. and Debevec, P. and Morency, L.-P.}, 
booktitle={Automatic Face Gesture Recognition and Workshops (FG 2011), 2011 IEEE International Conference on}, title={Effect of illumination on automatic expression recognition: A novel 3D relightable facial database}, 
year={2011}, 
month={march}, 
pages={611 -618}, 
doi={10.1109/FG.2011.5771467}, 
}
