@Article{Schneider1997,
  title =        "Functional {MRI} reveals left amygdala activation
                 during emotion",
  journal =      "Psychiatry Research: Neuroimaging",
  volume =       "76",
  number =       "2-3",
  pages =        "75--82",
  year =         "1997",
  ISSN =         "0925-4927",
  author =       "Frank Schneider and Wolfgang Grodd and Ute Weiss and
                 Uwe Klose and Katharina R Mayer and Thomas Nägele and
                 Ruben C Gur",
}

@Article{Sergerie2008,
  title =        "The role of the amygdala in emotional processing: {A}
                 quantitative meta-analysis of functional neuroimaging
                 studies",
  journal =      "Neuroscience and Biobehavioral Reviews",
  volume =       "32",
  number =       "4",
  pages =        "811--830",
  year =         "2008",
  ISSN =         "0149-7634",
  author =       "Karine Sergerie and Caroline Chochol and Jorge L.
                 Armony",
}

@Article{Rosenblatt1960,
  title =        "Perceptron Simulation Experiments",
  volume =       "48",
  URL =          "http://ieeexplore.ieee.org/xpl/freeabs_all.jsp?arnumber=4066017",
  number =       "3",
  journal =      "Proceedings of the IRE",
  author =       "Frank Rosenblatt",
  year =         "1960",
  pages =        "301--309",
}

@Book{Rosenblatt1962,
  added-at =     "2008-02-26T11:58:58.000+0100",
  address =      "Washington",
  author =       "Frank Rosenblatt",
  biburl =       "http://www.bibsonomy.org/bibtex/2d6b9097c3de7cef350d95cbd88c61a2d/schaul",
  citeulike-article-id = "2378849",
  description =  "idsia",
  interhash =    "2c0038efe357f826d15e09d85da61613",
  intrahash =    "d6b9097c3de7cef350d95cbd88c61a2d",
  keywords =     "nn",
  priority =     "2",
  publisher =    "Spartan Books",
  timestamp =    "2008-02-26T11:58:58.000+0100",
  title =        "Principles of Neurodynamics: {P}erceptrons and the
                 Theory of Brain Mechanisms",
  year =         "1962",
}

%11i
@Book{Izhikevich2006b,
  author =       "Eugene M. Izhikevich",
  day =          "01",
  edition =      "1",
  howpublished = "Hardcover",
  ISBN =         "0-262-09043-0",
  month =        nov,
  publisher =    "The MIT Press",
  title =        "{Dynamical Systems in Neuroscience: The Geometry of
                 Excitability and Bursting (Computational
                 Neuroscience)}",
  year =         "2006",
}

%15i
@Article{Izhikevich2003,
  author =       "E. M. Izhikevich",
  booktitle =    "Neural Networks, IEEE Transactions on",
  doi =          "10.1109/TNN.2003.820440",
  journal =      "IEEE transactions on neural networks / a publication
                 of the IEEE Neural Networks Council",
  month =        nov,
  number =       "6",
  pages =        "1569--1572",
  title =        "{Simple model of spiking neurons.}",
  volume =       "14",
  year =         "2003",
}

%16izhikevich
@Article{Izhikevich2001,
  title =        "Resonate-and-fire neurons",
  journal =      "Neural Networks",
  volume =       "14",
  number =       "6-7",
  pages =        "883--894",
  year =         "2001",
  ISSN =         "0893-6080",
  doi =          "10.1016/S0893-6080(01)00078-8",
  author =       "Eugene M. Izhikevich",
}

%24izhikevich
@Article{SmithRinzel2000,
  author =       "Gregory D. Smith and John Rinzel and Gregory D and
                 Charles L. Cox and Charles L. Cox and S. Murray Sherman
                 and S. Murray Sherman",
  title =        "Fourier Analysis of Sinusoidally Driven
                 Thalamocortical Relay Neurons and a Minimal
                 Integrate-and-Fire-or-Burst Model",
  journal =      "J. Neurophysiol",
  year =         "2000",
  volume =       "83",
  pages =        "588--610",
}

%17
@Article{BatlloriLaramee2011,
  title =        "Evolving spiking neural networks for robot control",
  journal =      "Procedia Computer Science",
  volume =       "6",
  number =       "0",
  pages =        "329--334",
  year =         "2011",
  ISSN =         "1877-0509",
  doi =          "10.1016/j.procs.2011.08.060",
  author =       "R. Batllori and C. B. Laramee and W. Land and J. D.
                 Schaffer",
}

%15
@Article{WangHouZou2008,
  title =        "A behavior controller based on spiking neural networks
                 for mobile robots",
  journal =      "Neurocomputing",
  volume =       "71",
  number =       "4-6",
  pages =        "655--666",
  year =         "2008",
  ISSN =         "0925-2312",
  doi =          "10.1016/j.neucom.2007.08.025",
  author =       "Xiuqing Wang and Zeng-Guang Hou and Anmin Zou and Min
                 Tan and Long Cheng",
}

%16
@Article{NaldaCases2008,
  title =        "Topos: Spiking neural networks for temporal pattern
                 recognition in complex real sounds",
  journal =      "Neurocomputing",
  volume =       "71",
  number =       "4-6",
  pages =        "721--732",
  year =         "2008",
  ISSN =         "0925-2312",
  doi =          "10.1016/j.neucom.2007.07.032",
  author =       "Pablo González-Nalda and Blanca Cases",
}

%1
@Article{Maass1996,
  author =       "Wolfgang Maass",
  title =        "Networks of Spiking Neurons: The Third Generation of
                 Neural Network Models",
  journal =      "Neural Networks",
  year =         "1996",
  volume =       "10",
  pages =        "1659--1671",
}

%21
@Article{MuhammadPrevost2008,
  title =        "Real-time facial feature localization by combining
                 space displacement neural networks",
  journal =      "Pattern Recognition Letters",
  volume =       "29",
  number =       "8",
  pages =        "1094--1104",
  year =         "2008",
  ISSN =         "0167-8655",
  doi =          "10.1016/j.patrec.2007.09.016",
  author =       "Shehzad Muhammad Hanif and Lionel Prevost and Rachid
                 Belaroussi and Maurice Milgram",
}

%20
@Article{MatsuguKatsuhiko2003,
  title =        "Subject independent facial expression recognition with
                 robust face detection using a convolutional neural
                 network",
  journal =      "Neural Networks",
  volume =       "16",
  number =       "5-6",
  pages =        "555--559",
  year =         "2003",
  ISSN =         "0893-6080",
  doi =          "10.1016/S0893-6080(03)00115-1",
  author =       "Masakazu Matsugu and Katsuhiko Mori and Yusuke Mitari
                 and Yuji Kaneda",
}

%19
@Article{Spiros2005,
  title =        "Emotion recognition through facial expression analysis
                 based on a neurofuzzy network",
  journal =      "Neural Networks",
  volume =       "18",
  number =       "4",
  pages =        "423--435",
  year =         "2005",
  note =         "Emotion and Brain",
  ISSN =         "0893-6080",
  doi =          "10.1016/j.neunet.2005.03.004",
  author =       "Spiros V. Ioannou and Amaryllis T. Raouzaiou and
                 Vasilis A. Tzouvaras and Theofilos P. Mailis and Kostas
                 C. Karpouzis and Stefanos D. Kollias",
}

%22
@Article{Amunts2005,
  author =       "K. Amunts and O. Kedo and M. Kindler and P. Pieperhoff
                 and H. Mohlberg and N. J. Shah and U. Habel and F.
                 Schneider and K. Zilles",
  affiliation =  "IME Research Center Jülich 52425 Jülich Germany",
  title =        "Cytoarchitectonic mapping of the human amygdala,
                 hippocampal region and entorhinal cortex: intersubject
                 variability and probability maps",
  journal =      "Anatomy and Embryology",
  publisher =    "Springer Berlin / Heidelberg",
  ISSN =         "0340-2061",
  pages =        "343--352",
  volume =       "210",
  year =         "2005",
}

@Article{Izhikevich2004,
  address =      "The Neurosciences Institute, San Diego, CA 92121, USA.
                 Eugene.Izhikevich@nsi.edu",
  author =       "Eugene M. Izhikevich",
  doi =          "10.1109/TNN.2004.832719",
  ISSN =         "1045-9227",
  journal =      "IEEE transactions on neural networks / a publication
                 of the IEEE Neural Networks Council",
  month =        sep,
  number =       "5",
  pages =        "1063--1070",
  pmid =         "15484883",
  posted-at =    "2008-06-28 06:05:13",
  priority =     "2",
  title =        "{Which model to use for cortical spiking neurons?}",
  volume =       "15",
  year =         "2004",
}

@Article{Sergerie2008,
  title =        "The role of the amygdala in emotional processing: {A}
                 quantitative meta-analysis of functional neuroimaging
                 studies",
  journal =      "Neuroscience \& Biobehavioral Reviews",
  volume =       "32",
  number =       "4",
  pages =        "811--830",
  year =         "2008",
  ISSN =         "0149-7634",
  author =       "Karine Sergerie and Caroline Chochol and Jorge L.
                 Armony",
}

@Article{Hager1979,
  title =        "Long-distance of transmission of facial affect
                 signals",
  journal =      "Ethology and Sociobiology",
  volume =       "1",
  number =       "1",
  pages =        "77--82",
  year =         "1979",
  note =         "",
  ISSN =         "0162-3095",
  author =       "Joseph C. Hager and Paul Ekman",
  keywords =     "Facial expression",
}

@Article{Fasel2003,
  title =        "Automatic facial expression analysis: a survey",
  journal =      "Pattern Recognition",
  volume =       "36",
  number =       "1",
  pages =        "259--275",
  year =         "2003",
  ISSN =         "0031-3203",
  author =       "B. Fasel and Juergen Luettin",
}

@Article{Neta2011,
  title =        "Individual differences in neural activity during a
                 facial expression vs. identity working memory task",
  journal =      "NeuroImage",
  volume =       "56",
  number =       "3",
  pages =        "1685--1692",
  year =         "2011",
  note =         "",
  ISSN =         "1053-8119",
  author =       "Maital Neta and Paul J. Whalen",
}

@Article{Clatworthy2003,
  title =        "Coding of the contrasts in natural images by
                 populations of neurons in primary visual cortex
                 ({V1})",
  journal =      "Vision Research",
  volume =       "43",
  number =       "18",
  pages =        "1983--2001",
  year =         "2003",
  ISSN =         "0042-6989",
  author =       "P. L. Clatworthy and M. Chirimuuta and J. S. Lauritzen
                 and D. J. Tolhurst",
}

@Article{Willmore2012,
  title =        "Contrast normalization contributes to a
                 biologically-plausible model of receptive-field
                 development in primary visual cortex ({V1})",
  journal =      "Vision Research",
  volume =       "54",
  number =       "0",
  pages =        "49--60",
  year =         "2012",
  ISSN =         "0042-6989",
  author =       "Ben D. B. Willmore and Harry Bulstrode and David J.
                 Tolhurst",
}

@Article{Guntekin2007,
  title =        "Emotional face expressions are differentiated with
                 brain oscillations",
  journal =      "International Journal of Psychophysiology",
  volume =       "64",
  number =       "1",
  pages =        "91--100",
  year =         "2007",
  ISSN =         "0167-8760",
  doi =          "10.1016/j.ijpsycho.2006.07.003",
  author =       "Bahar Güntekin and Erol Basar",
}

@Article{Fellenz1999,
  title =        "Comparing template-based, feature-based and supervised
                 classification of facial expressions from static
                 images",
  journal =      "Proceedings of Circuits, Systems, Communications and
                 Computers",
  pages =        "5331--5336",
  year =         "1999",
  author =       "S. Kollias {W. Fellenz, J. Taylor, N. Tsapatsoulis}",
}

@Article{Belhumeur1997,
  author =       "Peter N. Belhumeur and Joao Hespanha and David J.
                 Kriegman",
  journal =      "IEEE Transactions on Pattern Analysis and Machine
                 Intelligence",
  keywords =     "pca, recognition",
  number =       "7",
  pages =        "711--720",
  title =        "{Eigenfaces vs. Fisherfaces: Recognition Using Class
                 Specific Linear Projection}",
  volume =       "19",
  year =         "1997",
}

@Article{Essa1997,
  author =       "Irfan A. Essa and Alex P. Pentland",
  title =        "Coding, Analysis, Interpretation, and Recognition of
                 Facial Expressions",
  journal =      "IEEE Trans. Pattern Anal. Mach. Intell.",
  volume =       "19",
  issue =        "7",
  month =        jul,
  year =         "1997",
  ISSN =         "0162-8828",
  pages =        "757--763",
  publisher =    "IEEE Computer Society",
}

@Article{Rowley1998,
  author =       "Henry A. Rowley and Shumeet Baluja and Takeo Kanade",
  title =        "Neural Network-Based Face Detection",
  journal =      "IEEE Trans. Pattern Anal. Mach. Intell.",
  volume =       "20",
  issue =        "1",
  month =        jan,
  year =         "1998",
  ISSN =         "0162-8828",
  pages =        "23--38",
  numpages =     "16",
  publisher =    "IEEE Computer Society",
}

@Article{Lanitis1997,
  author =       "Andreas Lanitis and Chris J. Taylor and Timothy F.
                 Cootes",
  title =        "Automatic Interpretation and Coding of Face Images
                 Using Flexible Models",
  journal =      "IEEE Trans. Pattern Anal. Mach. Intell.",
  volume =       "19",
  issue =        "7",
  month =        jul,
  year =         "1997",
  ISSN =         "0162-8828",
  pages =        "743--756",
  numpages =     "14",
  publisher =    "IEEE Computer Society",
}

@Article{RuizdelSolar2008,
  title =        "Illumination compensation and normalization in
                 eigenspace-based face recognition: {A} comparative
                 study of different pre-processing approaches",
  journal =      "Pattern Recognition Letters",
  volume =       "29",
  number =       "14",
  pages =        "1966--1979",
  year =         "2008",
  ISSN =         "0167-8655",
  author =       "Javier Ruiz-del-Solar and Julio Quinteros",
}

@Article{Kim2004,
  title =        "Face recognition using the second-order
                 mixture-of-eigenfaces method",
  journal =      "Pattern Recognition",
  volume =       "37",
  number =       "2",
  pages =        "337--349",
  year =         "2004",
  author =       "Hyun-Chul Kim and Daijin Kim and Sung Yang Bang and
                 Sang-Youn Lee",
}

@Article{JyostnaDevi2010,
  title =        "A novel face recognition system based on combining
                 eigenfaces with fisher faces using wavelets",
  journal =      "Procedia Computer Science",
  volume =       "2",
  number =       "0",
  pages =        "44--51",
  year =         "2010",
  ISSN =         "1877-0509",
  author =       "B. Jyostna Devi and N. Veeranjaneyulu and K. V. K.
                 Kishore",
}

@Article{Dornaika2007,
  title =        "Rigid and non-rigid face motion tracking by aligning
                 texture maps and stereo 3{D} models",
  journal =      "Pattern Recognition Letters",
  volume =       "28",
  number =       "15",
  pages =        "2116--2126",
  year =         "2007",
  ISSN =         "0167-8655",
  author =       "Fadi Dornaika and Angel D. Sappa",
}

@Article{Nair2011,
  title =        "Multi-Pose Face Recognition And Tracking System",
  journal =      "Procedia Computer Science",
  volume =       "6",
  number =       "0",
  pages =        "381--386",
  year =         "2011",
  ISSN =         "1877-0509",
  author =       "Binu Muraleedharan Nair and Jacob Foytik and Richard
                 Tompkins and Yakov Diskin and Theus Aspiras and Vijayan
                 Asari",
}

@Article{Venkatesh2009,
  title =        "A novel approach to classification of facial
                 expressions from 3{D}-mesh datasets using modified
                 {PCA}",
  journal =      "Pattern Recognition Letters",
  volume =       "30",
  number =       "12",
  pages =        "1128--1137",
  year =         "2009",
  ISSN =         "0167-8655",
  author =       "Y. V. Venkatesh and Ashraf A. Kassim and O. V. Ramana
                 Murthy",
}

@Article{Gu2012,
  title =        "Facial expression recognition using radial encoding of
                 local Gabor features and classifier synthesis",
  journal =      "Pattern Recognition",
  volume =       "45",
  number =       "1",
  pages =        "80--91",
  year =         "2012",
  note =         "",
  ISSN =         "0031-3203",
  author =       "Wenfei Gu and Cheng Xiang and Y. V. Venkatesh and Dong
                 Huang and Hai Lin",
}

@Article{Sanchez2011,
  title =        "Differential optical flow applied to automatic facial
                 expression recognition",
  journal =      "Neurocomputing",
  volume =       "74",
  number =       "8",
  pages =        "1272--1282",
  year =         "2011",
  note =         "Selected Papers from the 3rd International
                 Work-Conference on the Interplay between Natural and
                 Artificial Computation (IWINAC 2009)",
  ISSN =         "0925-2312",
  author =       "A. Sánchez and J. V. Ruiz and A. B. Moreno and A. S.
                 Montemayor and J. Hernández and J. J. Pantrigo",
}

@Article{Maalej2011,
  title =        "Shape analysis of local facial patches for 3{D} facial
                 expression recognition",
  journal =      "Pattern Recognition",
  volume =       "44",
  number =       "8",
  pages =        "1581--1589",
  year =         "2011",
  note =         "",
  ISSN =         "0031-3203",
  author =       "Ahmed Maalej and Boulbaba Ben Amor and Mohamed Daoudi
                 and Anuj Srivastava and Stefano Berretti",
}

@Article{Dornaika2011,
  title =        "Improving dynamic facial expression recognition with
                 feature subset selection",
  journal =      "Pattern Recognition Letters",
  volume =       "32",
  number =       "5",
  pages =        "740--748",
  year =         "2011",
  note =         "",
  ISSN =         "0167-8655",
  author =       "F. Dornaika and E. Lazkano and B. Sierra",
}

@Article{Xiang2008,
  title =        "Expression recognition using fuzzy spatio-temporal
                 modeling",
  journal =      "Pattern Recognition",
  volume =       "41",
  number =       "1",
  pages =        "204--216",
  year =         "2008",
  note =         "",
  ISSN =         "0031-3203",
  author =       "T. Xiang and M. K. H. Leung and S. Y. Cho",
}

@Article{Park2009,
  title =        "Subtle facial expression recognition using motion
                 magnification",
  journal =      "Pattern Recognition Letters",
  volume =       "30",
  number =       "7",
  pages =        "708--716",
  year =         "2009",
  note =         "",
  ISSN =         "0167-8655",
}

@Article{Wang2009,
  title =        "Facial expression recognition system based on rigid
                 and non-rigid motion separation and 3{D} pose
                 estimation",
  journal =      "Pattern Recognition",
  volume =       "42",
  number =       "5",
  pages =        "962--977",
  year =         "2009",
  note =         "",
  ISSN =         "0031-3203",
  author =       "Te-Hsun Wang and Jenn-Jier James Lien",
}

@Article{Klimesch1999,
  title =        "{EEG} alpha and theta oscillations reflect cognitive
                 and memory performance: a review and analysis.",
  volume =       "29",
  URL =          "http://www.ncbi.nlm.nih.gov/pubmed/10209231",
  number =       "2-3",
  journal =      "Brain research Brain research reviews",
  publisher =    "Elsevier",
  author =       "W Klimesch",
  year =         "1999",
  pages =        "169--95",
}

@Article{Basar2001,
  title =        "Gamma, alpha, delta, and theta oscillations govern
                 cognitive processes.",
  volume =       "39",
  URL =          "http://www.ncbi.nlm.nih.gov/pubmed/11163901",
  number =       "2-3",
  journal =      "International Journal of Psychophysiology",
  publisher =    "Elsevier",
  author =       "E Başar and C Başar-Eroglu and S Karakaş and M
                 Schürmann",
  year =         "2001",
  pages =        "241--8",
}

@Article{Engel2001,
  title =        "Dynamic predictions: oscillations and synchrony in
                 top-down processing.",
  volume =       "2",
  URL =          "http://www.ncbi.nlm.nih.gov/pubmed/11584308",
  number =       "10",
  journal =      "Nature Reviews Neuroscience",
  publisher =    "Nature Publishing Group",
  author =       "A K Engel and P Fries and W Singer",
  year =         "2001",
  pages =        "704--716",
}

@Article{Kahana2001,
  title =        "Theta returns",
  volume =       "11",
  URL =          "http://www.ncbi.nlm.nih.gov/pubmed/11741027",
  number =       "6",
  journal =      "Current Opinion in Neurobiology",
  publisher =    "Elsevier Science",
  author =       "M J Kahana and D Seelig and J R Madsen",
  year =         "2001",
  pages =        "739--744",
}

@Article{Ward2003,
  title =        "Synchronous neural oscillations and cognitive
                 processes.",
  volume =       "7",
  URL =          "http://linkinghub.elsevier.com/retrieve/pii/S1364661303002894",
  number =       "12",
  journal =      "Trends in Cognitive Sciences",
  publisher =    "Elsevier",
  author =       "Lawrence M Ward",
  year =         "2003",
  pages =        "553--559",
}
