=== Face Analysis ===

@article{Fasel01,
  author  = {Beat Fasel and Juergen Luettin},
  ISSN    = "00313203",
  journal = {PATTERN RECOGNITION},
  number  = {1},
  pages   = {259--275},
  title   = {Automatic Facial Expression Analysis: A Survey},
  volume  = {36},
  year    = {1999},
}

@InProceedings{Wang2007,
  author    = "Peng Wang and Christian K{\"o}hler and Fred Barrett and Raquel E. Gur and Ruben C. Gur and Ragini Verma",
  booktitle = "2007 IEEE Computer Society Conference on Computer Vision and Pattern Recognition (CVPR 2007), 18-23 June 2007, Minneapolis, Minnesota, USA",
  publisher = "IEEE Computer Society",
  title     = "Quantifying Facial Expression Abnormality in Schizophrenia by Combining 2{D} and 3{D} Features",
  year      = "2007",
}

@InProceedings{Yin2006,
  author    = "Lijun Yin and Xiaozhou Wei and Peter Longo and Abhinesh Bhuvanesh",
  booktitle = "Proceedings of the 18th International Conference on Pattern Recognition - Volume 01",
  ISBN      = "0-7695-2521-0",
  pages     = "1248--1251",
  publisher = "IEEE Computer Society",
  series    = "ICPR '06",
  title     = "Analyzing Facial Expressions Using Intensity-Variant 3{D} Data For Human Computer Interaction",
  year      = "2006",
}

@article{Tsalakanidou2010,
  author     = "Filareti Tsalakanidou and Sotiris Malassiotis",
  ISSN       = "0031-3203",
  issue_date = "May, 2010",
  journal    = "Pattern Recogn.",
  month      = may,
  number     = "5",
  pages      = "1763--1775",
  publisher  = "Elsevier Science Inc.",
  title      = "Real-time 2{D}+3{D} facial action and expression recognition",
  volume     = "43",
  year       = "2010",
}

@article{Cinar01,
  author  = "Hatice Cinar Akakin and B{\"u}lent Sankur",
  ISSN    = "0262-8856",
  journal = "Image and Vision Computing",
  number  = "7",
  title   = "Robust classification of face and head gestures in video",
  volume  = "29",
  year    = "2011",
}

@InProceedings{SunFer2008,
  address   = "Berlin, Heidelberg",
  author    = "Yi Sun and Lijun Yin",
  booktitle = "Proceedings of the 10th European Conference on Computer Vision: Part II",
  ISBN      = "978-3-540-88685-3",
  location  = "Marseille, France",
  numpages  = "14",
  pages     = "58--71",
  publisher = "Springer-Verlag",
  series    = "ECCV '08",
  title     = "Facial Expression Recognition Based on 3{D} Dynamic Range Model Sequences",
  year      = "2008",
}

@InProceedings{Rosato2008,
  author    = "M. Rosato and Xiaochen Chen and Lijun Yin",
  booktitle = "Biometrics: Theory, Applications and Systems, 2008. BTAS 2008. 2nd IEEE International Conference on",
  doi       = "10.1109/BTAS.2008.4699369",
  month     = oct,
  pages     = "1--7",
  title     = "Automatic Registration of Vertex Correspondences for 3{D} Facial Expression Analysis",
  year      = "2008",
}

@article{Zhao01,
  author    = "Xi Zhao and Di Huang and Emmanuel Dellandrea and Liming Chen",
  booktitle = "Pattern Recognition (ICPR), 2010 20th International Conference on",
  title     = "Automatic 3{D} Facial Expression Recognition Based on a Bayesian Belief Net and a Statistical Facial Feature Model",
  year      = "2010",
  month     = aug,
  pages     = "3724--3727",
  ISSN      = "1051-4651",
  journal   ={Pattern Recognition, International Conference on},
  doi       = {http://doi.ieeecomputersociety.org/10.1109/ICPR.2010.907},
  publisher = {IEEE Computer Society},
  address   = {Los Alamitos, CA, USA},
}

@article{Fang2012,
  author  = "Tianhong Fang and Xi Zhao and Omar Ocegueda and Shishir K. Shah and Ioannis A. Kakadiaris",
  ISSN    = "0262-8856",
  journal = "Image and Vision Computing",
  title   = "3{D}/4{D} Facial Expression Analysis: An Advanced Annotated Face Model Approach",
  year    = "2012",
}

=== Neural Networks ===

@article{Sergerie2008,
  author  = "Karine Sergerie and Caroline Chochol and Jorge L. Armony",
  ISSN    = "0149-7634",
  journal = "Neuroscience and Biobehavioral Reviews",
  number  = "4",
  pages   = "811--830",
  title   = "The role of the amygdala in emotional processing: {A} quantitative meta-analysis of functional neuroimaging studies",
  volume  = "32",
  year    = "2008",
}

@article{Rosenblatt1960,
  author  = "Frank Rosenblatt",
  journal = "Proceedings of the IRE",
  number  = "3",
  pages   = "301--309",
  title   = "Perceptron Simulation Experiments",
  url     = "http://ieeexplore.ieee.org/xpl/freeabs_all.jsp?arnumber=4066017",
  volume  = "48",
  year    = "1960",
}

@Book{Rosenblatt1962,
  author    = "Frank Rosenblatt",
  biburl    = "http://www.bibsonomy.org/bibtex/2d6b9097c3de7cef350d95cbd88c61a2d/schaul",
  publisher = "Spartan Books",
  timestamp = "2008-02-26T11:58:58.000+0100",
  title     = "Principles of Neurodynamics: {P}erceptrons and the Theory of Brain Mechanisms",
  year      = "1962",
}

@article{WangHouZou2008,
  author  = "Xiuqing Wang and Zeng-Guang Hou and Anmin Zou and Min Tan and Long Cheng",
  doi     = "10.1016/j.neucom.2007.08.025",
  ISSN    = "0925-2312",
  journal = "Neurocomputing",
  number  = "4-6",
  pages   = "655--666",
  title   = "A behavior controller based on spiking neural networks for mobile robots",
  volume  = "71",
  year    = "2008",
}

@article{Maass1996,
  author  = "Wolfgang Maass",
  journal = "Neural Networks",
  pages   = "1659--1671",
  title   = "Networks of Spiking Neurons: The Third Generation of Neural Network Models",
  volume  = "10",
  year    = "1996",
}

@article{Spiros2005,
  author  = "Spiros V. Ioannou and Amaryllis T. Raouzaiou and Vasilis A. Tzouvaras and Theofilos P. Mailis and Kostas C. Karpouzis and Stefanos D. Kollias",
  doi     = "10.1016/j.neunet.2005.03.004",
  ISSN    = "0893-6080",
  journal = "Neural Networks",
  note    = "Emotion and Brain",
  number  = "4",
  pages   = "423--435",
  title   = "Emotion recognition through facial expression analysis based on a neurofuzzy network",
  volume  = "18",
  year    = "2005",
}

@article{Izhikevich2004,
  address   = "The Neurosciences Institute, San Diego, CA 92121, USA. Eugene.Izhikevich@nsi.edu",
  author    = "Eugene M. Izhikevich",
  doi       = "10.1109/TNN.2004.832719",
  ISSN      = "1045-9227",
  journal   = "IEEE transactions on neural networks / a publication of the IEEE Neural Networks Council",
  month     = sep,
  number    = "5",
  pages     = "1063--1070",
  pmid      = "15484883",
  posted-at = "2008-06-28 06:05:13",
  priority  = "2",
  title     = "{Which model to use for cortical spiking neurons?}",
  volume    = "15",
  year      = "2004",
}

@article{Hager1979,
  author   = "Paul Ekman and Joseph C. Hager",
  ISSN     = "0162-3095",
  journal  = "Ethology and Sociobiology",
  keywords = "Facial expression",
  number   = "1",
  pages    = "77--82",
  title    = "Long-distance of transmission of facial affect signals",
  volume   = "1",
  year     = "1979",
}

@article{Fasel2003,
  author  = "B. Fasel and Juergen Luettin",
  ISSN    = "0031-3203",
  journal = "Pattern Recognition",
  number  = "1",
  pages   = "259--275",
  title   = "Automatic facial expression analysis: a survey",
  volume  = "36",
  year    = "2003",
}

=== Web Services ===

@Misc{rfc1945,
  added-at =     "2009-11-15T15:37:34.000+0100",
  author =       "T. Berners-Lee and R. Fielding and H. Frystyk",
  biburl =       "http://www.bibsonomy.org/bibtex/2e3c821d5dddf05f2ee2b46097afc1a1e/henkellermann",
  howpublished = "RFC 1945 (Informational)",
  interhash =    "71090b43c8a8aaa6255e118aa3df56a8",
  intrahash =    "e3c821d5dddf05f2ee2b46097afc1a1e",
  keywords =     "imported",
  month =        May,
  number =       "1945",
  organization = "Internet Engineering Task Force",
  publisher =    "IETF",
  series =       "Request for Comments",
  timestamp =    "2009-11-15T15:37:34.000+0100",
  title =        "{Hypertext Transfer Protocol -- HTTP/1.0}",
  URL =          "http://www.ietf.org/rfc/rfc1945.txt",
  year =         "1996",
}

@PhdThesis{Fielding00Phd,
  author =       "Roy Thomas Fielding",
  biburl =       "http://www.bibsonomy.org/bibtex/217b085721104f50d2f804bd1df197edc/mschuber",
  interhash =    "092ba78050ae9da156348ac20fccbd12",
  intrahash =    "17b085721104f50d2f804bd1df197edc",
  keywords =     "2000 REST design software",
  school =       "University of California, Irvine",
  timestamp =    "2008-11-18T13:37:46.000+0100",
  title =        "{REST:} Architectural Styles and the Design of
                 Network-based Software Architectures",
  type =         "Doctoral dissertation",
  URL =          "http://www.ics.uci.edu/~fielding/pubs/dissertation/top.htm",
  year =         "2000",
}

@Misc{Fielding:1999,
  author =       "R. Fielding and J. Gettys and J. Mogul and H. Frystyk
                 and L. Masinter and P. Leach and T. Berners-Lee",
  biburl =       "http://www.bibsonomy.org/bibtex/2a187ad1286fe7ce837e68e7ee25581d3/munozjuan",
  date-modified = "2006-09-12 12:18:17 +0900",
  description =  "initial",
  editor =       "(IETF), Internet Engineering Task Force",
  howpublished = "Request For Comments",
  interhash =    "63d03a360398cd4fcc36e675fd108715",
  intrahash =    "a187ad1286fe7ce837e68e7ee25581d3",
  keywords =     "http hypertext protocol transfer",
  note =         "available at
                 \texttt{http://www.ietf.org/rfc/rfc2616.txt}, accessed
                 7 July 2006",
  timestamp =    "2010-06-17T18:04:40.000+0200",
  title =        "Hypertext Transfer Protocol -- {HTTP}/1.1 ({RFC}
                 2616)",
  year =         "1999",
}

@Misc{Gar05,
  added-at =     "2010-01-13T18:01:46.000+0100",
  author =       "J. J. Garrett",
  biburl =       "http://www.bibsonomy.org/bibtex/2c18019dd6aeec35aa284dc1c720384f5/rmath",
  interhash =    "0b0c4d9616c5980e5f2de3397f965ca3",
  intrahash =    "c18019dd6aeec35aa284dc1c720384f5",
  keywords =     "jabref:noKeywordAssigned",
  note =         "Adaptive Path LLC,
                 http://www.adaptivepath.com/publications/essays/archives/000385.php",
  timestamp =    "2010-01-13T18:01:46.000+0100",
  title =        "{Ajax: A New Approach to Web Applications}",
  year =         "2005",
}

@Misc{Hickson2010,
  added-at =     "2011-08-19T12:45:25.000+0200",
  author =       "Ian Hickson",
  biburl =       "http://www.bibsonomy.org/bibtex/220003b13d5084aa978ac354f178a7a6e/zazi",
  interhash =    "bb677f0d1f8b0dc0b51da3321fbc76dc",
  intrahash =    "20003b13d5084aa978ac354f178a7a6e",
  keywords =     "imported",
  lastchecked =  "07-01-2011",
  month =        oct,
  note =         "{W3C Working Draft}",
  owner =        "zazi",
  timestamp =    "2011-08-19T12:45:25.000+0200",
  title =        "{HTML5}",
  URL =          "http://www.w3.org/TR/html5/",
  year =         "2010",
}

@article{Pautasso:2007,
  title =        "{SOAP} vs. {REST} - Bringing the Web back into Web
                 Services",
  journal =      "Building",
  author =       "Cesare Pautasso",
  year =         "2007",
  pages =        "1--19",
}

@article{Muschamp:2004,
  author =       "Paul Muschamp",
  title =        "An introduction to Web Services",
  journal =      "BT Technology Journal",
  publisher =    "Springer Netherlands",
  ISSN =         "1358-3948",
  keyword =      "Computer Science",
  pages =        "9--18",
  volume =       "22",
  issue =        "1",
  URL =          "http://dx.doi.org/10.1023/B:BTTJ.0000015537.71918.c2",
  note =         "10.1023/B:BTTJ.0000015537.71918.c2",
  year =         "2004",
}

@article{Austin:2004,
  title =        "Web Services Architecture Requirements",
  volume =       "2009",
  URL =          "http://www.w3.org/TR/wsa-reqs/",
  number =       "1/26/2009",
  journal =      "World Wide Web Consortium Recommendation",
  publisher =    "http://www.w3.org/TR/wsa-reqs",
  author =       "Daniel Austin and Abbie Barbir and Christopher Ferris
                 and Sharad Garg",
  editor =       "DEditor Austin Barbir A Ferris C Garg S",
  year =         "2004",
}

@article{Gottschalk:2002,
  title =        "Introduction to Web services architecture",
  volume =       "41",
  URL =          "http://ieeexplore.ieee.org/lpdocs/epic03/wrapper.htm?arnumber=5386918",
  number =       "2",
  journal =      "IBM Systems Journal",
  publisher =    "IBM Corp.",
  author =       "K Gottschalk and S Graham and H Kreger and J Snell",
  year =         "2002",
  pages =        "170--177",
}

@article{Spies:2008,
  title =        "Web Services, Part 1: {SOAP} vs. {REST}",
  URL =          "http://www.ajaxonomy.com/2008/xml/web-services-part-1-soap-vs-rest",
  journal =      "Ajaxonomy",
  publisher =    "Ajaxonomy",
  author =       "Brennan Spies",
  year =         "2008",
}

@Misc{Booth:2004,
  title =        "Web Services Architecture : {W3C} Working Group Note
                 11 February 2004",
  URL =          "http://www.w3.org/TR/2004/NOTE-ws-arch-20040211/",
  journal =      "World Wide Web Consortium article available from
                 httpwww w3 orgTRwsarch",
  author =       "David Booth and Hugo Haas and Francis McCabe and Eric
                 Newcomer and Michael Champion and Chris Ferris and
                 David Orchard",
  year =         "2004",
}

@article{Pautasso:2008,
  title =        "{REST}ful Web Services vs . ``Big'' Web Services :
                 Making the Right Architectural Decision Categories and
                 Subject Descriptors",
  volume =       "31",
  URL =          "http://portal.acm.org/citation.cfm?doid=1367497.1367606",
  number =       "7",
  journal =      "Technology",
  publisher =    "ACM",
  author =       "Cesare Pautasso and Frank Leymann",
  year =         "2008",
  pages =        "805--814",
}

@InBook{Feng:2009,
  title =        "{REST}: An alternative to {RPC} for Web services
                 architecture",
  URL =          "http://ieeexplore.ieee.org/lpdocs/epic03/wrapper.htm?arnumber=5339611",
  booktitle =    "Future Information Networks 2009 ICFIN 2009 First
                 International Conference on",
  publisher =    "Ieee",
  author =       "Xinyang Feng and Jianjing Shen and Ying Fan",
  year =         "2009",
  pages =        "7--10",
}

@Book{RichardsonRuby:2007,
  title     = "{REST}ful Web Services",
  URL       = "http://www.amazon.ca/exec/obidos/redirect?tag=citeulike09-20&path=ASIN/0596529260",
  journal   = "IEEE Internet Computing",
  publisher = "O'Reilly Media",
  author    = "Leonard Richardson and Sam Ruby",
  year      = "2007",
  pages     = "448",
  isbn      = {9780596529260},
}
=== Image Compression ===

@article{Dhawan:2011,
author = "Sachin Dhawan",
title = "{A Review of Image Compression and Comparison of its Algorithms}",
journal = "{International Journal of Electronics \& Communication Technology}",
month = "March",
year = "2011",
URL = "http://www.iject.org/vol2issue1/sachindhawan.pdf",
ISSN = "2230-7109",
publisher = "IJECT",
volume = "2",
number = "1",
pages = "22--26",
}

@article{Chandran:2012,
  author = {Jayavrinda Vrindavanam and Saravanan Chandran and Gautam K. Mahanti},
  title = {Article: A Survey of Image Compression Methods},
  journal = {IJCA Proceedings on International Conference and workshop on Emerging Trends in Technology (ICWET 2012)},
  year = {2012},
  volume = {icwet},
  number = {1},
  pages = {12-17},
  month = {March},
  note = {Published by Foundation of Computer Science, New York, USA}
}

@book{Woods:2008,
  title={Digital Image Processing},
  author={Gonz{\'a}lez, R.C. and Woods, R.E.},
  isbn={9780131687288},
  lccn={2009289249},
  url={http://books.google.com.mx/books?id=8uGOnjRGEzoC},
  year={2008},
  publisher={Pearson/Prentice Hall}
}

@article{Kumar:2007,
author = "Sonal and Dinesh Kumar",
title = "A study of various image compression techniques",
year = "2007",
journal = "Challenges \& Opportunities in Information Technologies",
organization = "COIT"
}

=== Experimental Design ===

@article{Cohen:2003,
author = {Myra B. Cohen and Charles J. Colbourn and Alan C. H. Ling},
title = {Augmenting Simulated Annealing to Build Interaction Test Suites},
journal ={Software Reliability Engineering, International Symposium on},
volume = {0},
issn = {1071-9458},
year = {2003},
pages = {394},
doi = {http://doi.ieeecomputersociety.org/10.1109/ISSRE.2003.1251061},
publisher = {IEEE Computer Society},
address = {Los Alamitos, CA, USA},
}

@article{Kuhn:2008,
author = {Rick Kuhn and Yu Lei and Raghu Kacker},
title = {Practical Combinatorial Testing: Beyond Pairwise},
journal ={IT Professional},
volume = {10},
issn = {1520-9202},
year = {2008},
pages = {19-23},
doi = {http://doi.ieeecomputersociety.org/10.1109/MITP.2008.54},
publisher = {IEEE Computer Society},
address = {Los Alamitos, CA, USA},
}

@book{Hedayat:1999,
  title={Orthogonal Arrays: Theory and Applications},
  author={Hedayat, A. and Sloane, N.J.A. and Stufken, J.},
  isbn={9780387987668},
  lccn={99030377},
  series={Springer Series in Statistics},
  url={http://books.google.com.mx/books?id=HrUYlIbI2mEC},
  year={1999},
  publisher={Springer}
}

@article{Shasha:2001,
author = {Shasha, Dennis E. and Kouranov, Andrei Y. and Lejay, Laurence V. and Chou, Michael F. and Coruzzi, Gloria M.},
title = {Using Combinatorial Design to Study Regulation by Multiple Input Signals. A Tool for Parsimony in the Post-Genomics Era},
volume = {127},
number = {4},
pages = {1590-1594},
year = {2001},
doi = {10.1104/pp.010683},
URL = {http://www.plantphysiol.org/content/127/4/1590.short},
eprint = {http://www.plantphysiol.org/content/127/4/1590.full.pdf+html},
journal = {Plant Physiology}
}

@book{Phadke:1995,
 author = {Phadke, Madhan Shridhar},
 title = {Quality Engineering Using Robust Design},
 year = {1995},
 isbn = {0137451679},
 edition = {1st},
 publisher = {Prentice Hall PTR},
 address = {Upper Saddle River, NJ, USA},
}

@article{Vadde:2004,
  added-at = {2008-05-16T00:00:00.000+0200},
  author = {Vadde, Kiran K. and Syrotiuk, Violet R.},
  biburl = {http://www.bibsonomy.org/bibtex/26816d4e67f184ae59a70e1e64d4b96a5/dblp},
  date = {2008-05-16},
  description = {dblp},
  ee = {http://doi.ieeecomputersociety.org/10.1109/JSAC.2004.829351},
  interhash = {519bc1761a4e9a36f0bae9886dd6d458},
  intrahash = {6816d4e67f184ae59a70e1e64d4b96a5},
  journal = {IEEE Journal on Selected Areas in Communications},
  keywords = {dblp},
  number = 7,
  pages = {1335-1346},
  timestamp = {2008-05-16T00:00:00.000+0200},
  title = {Factor interaction on service delivery in mobile ad hoc networks.},
  url = {http://dblp.uni-trier.de/db/journals/jsac/jsac22.html#VaddeS04},
  volume = 22,
  year = 2004
}

@article{Yilmaz:2004,
 author = {Yilmaz, Cemal and Cohen, Myra B. and Porter, Adam},
 title = {Covering arrays for efficient fault characterization in complex configuration spaces},
 journal = {SIGSOFT Softw. Eng. Notes},
 issue_date = {July 2004},
 volume = {29},
 number = {4},
 month = jul,
 year = {2004},
 issn = {0163-5948},
 pages = {45--54},
 numpages = {10},
 url = {http://doi.acm.org/10.1145/1013886.1007519},
 doi = {10.1145/1013886.1007519},
 acmid = {1007519},
 publisher = {ACM},
 address = {New York, NY, USA},
 keywords = {covering arrays, distributed continuous quality assurance, fault characterization, software testing},
}

@INPROCEEDINGS{Burr:1998,
    author = {Kevin Burr and William Young},
    title = {Combinatorial Test Techniques: Table-based Automation, Test Generation and Code Coverage},
    booktitle = {Proceedings of the Intl. Conf. on Software Testing Analysis and Review},
    year = {1998},
    pages = {503--513},
    publisher = {West}
}

@book{Cawse:2003,
  title={Experimental design for combinatorial and high throughput materials development},
  author={Cawse, J.N.},
  isbn={9780471203438},
  lccn={2002027393},
  url={http://books.google.com.mx/books?id=UY9RAAAAMAAJ},
  year={2003},
  publisher={Wiley-Interscience}
}
