@Misc{Solutions,
  author =       "Ramez Elmasri Shamkant B. Navathe",
  title =        "{Fundamentals of Database Systems 5th Edition Textbook
                 Solutions}",
  month =        apr,
  year =         "2012",
  howpublished = "\url{http://www.cramster.com/fundamentals-of-database-systems-5th-edition-solutions-575}",
}

@Article{Zhang01,
  title =        "Face recognition across pose: {A} review",
  journal =      "Pattern Recognition",
  volume =       "42",
  number =       "11",
  pages =        "2876--2896",
  year =         "2009",
  note =         "",
  ISSN =         "0031-3203",
  author =       "Xiaozheng Zhang and Yongsheng Gao",
}

@InProceedings{Lijun2006,
  author =       "Lijun Yin and Xiaozhou Wei and Yi Sun and Jun Wang and
                 M. J. Rosato",
  booktitle =    "Automatic Face and Gesture Recognition, 2006. FGR
                 2006. 7th International Conference on",
  title =        "A 3{D} facial expression database for facial behavior
                 research",
  year =         "2006",
  month =        apr,
  pages =        "211--216",
}

@Online{affdex2,
  author =       "Affectiva",
  title =        "{Affdex overview} \\http://www.affectiva.com",
  year =         "2012",
  URL =          "http://www.affectiva.com",
}

@Article{RuizdelSolar2008,
  title =        "Illumination compensation and normalization in
                 eigenspace-based face recognition: {A} comparative
                 study of different pre-processing approaches",
  journal =      "Pattern Recognition Letters",
  volume =       "29",
  number =       "14",
  pages =        "1966--1979",
  year =         "2008",
  ISSN =         "0167-8655",
  author =       "Javier Ruiz-del-Solar and Julio Quinteros",
}

@Article{Lanitis1997,
  author =       "Andreas Lanitis and Chris J. Taylor and Timothy F.
                 Cootes",
  title =        "Automatic Interpretation and Coding of Face Images
                 Using Flexible Models",
  journal =      "IEEE Trans. Pattern Anal. Mach. Intell.",
  volume =       "19",
  issue =        "7",
  month =        jul,
  year =         "1997",
  ISSN =         "0162-8828",
  pages =        "743--756",
  numpages =     "14",
  publisher =    "IEEE Computer Society",
}

@Article{Kim2004,
  title =        "Face recognition using the second-order
                 mixture-of-eigenfaces method",
  journal =      "Pattern Recognition",
  volume =       "37",
  number =       "2",
  pages =        "337--349",
  year =         "2004",
  author =       "Hyun-Chul Kim and Daijin Kim and Sung Yang Bang and
                 Sang-Youn Lee",
}

@Article{JyostnaDevi2010,
  title =        "A novel face recognition system based on combining
                 eigenfaces with fisher faces using wavelets",
  journal =      "Procedia Computer Science",
  volume =       "2",
  number =       "0",
  pages =        "44--51",
  year =         "2010",
  ISSN =         "1877-0509",
  author =       "B. Jyostna Devi and N. Veeranjaneyulu and K. V. K.
                 Kishore",
}

@Article{Dornaika2007,
  title =        "Rigid and non-rigid face motion tracking by aligning
                 texture maps and stereo 3{D} models",
  journal =      "Pattern Recognition Letters",
  volume =       "28",
  number =       "15",
  pages =        "2116--2126",
  year =         "2007",
  ISSN =         "0167-8655",
  author =       "Fadi Dornaika and Angel D. Sappa",
}

@Article{Nair2011,
  title =        "Multi-Pose Face Recognition And Tracking System",
  journal =      "Procedia Computer Science",
  volume =       "6",
  number =       "0",
  pages =        "381--386",
  year =         "2011",
  ISSN =         "1877-0509",
  author =       "Binu Muraleedharan Nair and Jacob Foytik and Richard
                 Tompkins and Yakov Diskin and Theus Aspiras and Vijayan
                 Asari",
}

@Article{Venkatesh2009,
  title =        "A novel approach to classification of facial
                 expressions from 3{D}-mesh datasets using modified
                 {PCA}",
  journal =      "Pattern Recognition Letters",
  volume =       "30",
  number =       "12",
  pages =        "1128--1137",
  year =         "2009",
  ISSN =         "0167-8655",
  author =       "Y. V. Venkatesh and Ashraf A. Kassim and O. V. Ramana
                 Murthy",
}

@Article{Gu2012,
  title =        "Facial expression recognition using radial encoding of
                 local Gabor features and classifier synthesis",
  journal =      "Pattern Recognition",
  volume =       "45",
  number =       "1",
  pages =        "80--91",
  year =         "2012",
  note =         "",
  ISSN =         "0031-3203",
  author =       "Wenfei Gu and Cheng Xiang and Y. V. Venkatesh and Dong
                 Huang and Hai Lin",
}

@Article{Sanchez2011,
  title =        "Differential optical flow applied to automatic facial
                 expression recognition",
  journal =      "Neurocomputing",
  volume =       "74",
  number =       "8",
  pages =        "1272--1282",
  year =         "2011",
  note =         "Selected Papers from the 3rd International
                 Work-Conference on the Interplay between Natural and
                 Artificial Computation (IWINAC 2009)",
  ISSN =         "0925-2312",
  author =       "A. Sánchez and J. V. Ruiz and A. B. Moreno and A. S.
                 Montemayor and J. Hernández and J. J. Pantrigo",
}

@Article{Neta2011,
  title =        "Individual differences in neural activity during a
                 facial expression vs. identity working memory task",
  journal =      "NeuroImage",
  volume =       "56",
  number =       "3",
  pages =        "1685--1692",
  year =         "2011",
  note =         "",
  ISSN =         "1053-8119",
  author =       "Maital Neta and Paul J. Whalen",
}

@Article{Clatworthy2003,
  title =        "Coding of the contrasts in natural images by
                 populations of neurons in primary visual cortex
                 ({V1})",
  journal =      "Vision Research",
  volume =       "43",
  number =       "18",
  pages =        "1983--2001",
  year =         "2003",
  ISSN =         "0042-6989",
  author =       "P. L. Clatworthy and M. Chirimuuta and J. S. Lauritzen
                 and D. J. Tolhurst",
}

@Article{Willmore2012,
  title =        "Contrast normalization contributes to a
                 biologically-plausible model of receptive-field
                 development in primary visual cortex ({V1})",
  journal =      "Vision Research",
  volume =       "54",
  number =       "0",
  pages =        "49--60",
  year =         "2012",
  ISSN =         "0042-6989",
  author =       "Ben D. B. Willmore and Harry Bulstrode and David J.
                 Tolhurst",
}

@Article{Guntekin2007,
  title =        "Emotional face expressions are differentiated with
                 brain oscillations",
  journal =      "International Journal of Psychophysiology",
  volume =       "64",
  number =       "1",
  pages =        "91--100",
  year =         "2007",
  ISSN =         "0167-8760",
  doi =          "10.1016/j.ijpsycho.2006.07.003",
  author =       "Bahar Güntekin and Erol Basar",
}

@Article{Fellenz1999,
  title =        "Comparing template-based, feature-based and supervised
                 classification of facial expressions from static
                 images",
  journal =      "Proceedings of Circuits, Systems, Communications and
                 Computers",
  pages =        "5331--5336",
  year =         "1999",
  author =       "S. Kollias {W. Fellenz, J. Taylor, N. Tsapatsoulis}",
}

@Article{Belhumeur1997,
  author =       "Peter N. Belhumeur and Joao Hespanha and David J.
                 Kriegman",
  journal =      "IEEE Transactions on Pattern Analysis and Machine
                 Intelligence",
  keywords =     "pca, recognition",
  number =       "7",
  pages =        "711--720",
  title =        "{Eigenfaces vs. Fisherfaces: Recognition Using Class
                 Specific Linear Projection}",
  volume =       "19",
  year =         "1997",
}

@Article{Essa1997,
  author =       "Irfan A. Essa and Alex P. Pentland",
  title =        "Coding, Analysis, Interpretation, and Recognition of
                 Facial Expressions",
  journal =      "IEEE Trans. Pattern Anal. Mach. Intell.",
  volume =       "19",
  issue =        "7",
  month =        jul,
  year =         "1997",
  ISSN =         "0162-8828",
  pages =        "757--763",
  publisher =    "IEEE Computer Society",
}

@Article{Rowley1998,
  author =       "Henry A. Rowley and Shumeet Baluja and Takeo Kanade",
  title =        "Neural Network-Based Face Detection",
  journal =      "IEEE Trans. Pattern Anal. Mach. Intell.",
  volume =       "20",
  issue =        "1",
  month =        jan,
  year =         "1998",
  ISSN =         "0162-8828",
  pages =        "23--38",
  numpages =     "16",
  publisher =    "IEEE Computer Society",
}

@Article{Izhikevich2003,
  author =       "E. M. Izhikevich",
  booktitle =    "Neural Networks, IEEE Transactions on",
  doi =          "10.1109/TNN.2003.820440",
  journal =      "IEEE transactions on neural networks / a publication
                 of the IEEE Neural Networks Council",
  month =        nov,
  number =       "6",
  pages =        "1569--1572",
  title =        "{Simple model of spiking neurons.}",
  volume =       "14",
  year =         "2003",
}

@Article{Izhikevich2001,
  title =        "Resonate-and-fire neurons",
  journal =      "Neural Networks",
  volume =       "14",
  number =       "6-7",
  pages =        "883--894",
  year =         "2001",
  ISSN =         "0893-6080",
  doi =          "10.1016/S0893-6080(01)00078-8",
  author =       "Eugene M. Izhikevich",
}

@Article{Schneider1997,
  title =        "Functional {MRI} reveals left amygdala activation
                 during emotion",
  journal =      "Psychiatry Research: Neuroimaging",
  volume =       "76",
  number =       "2-3",
  pages =        "75--82",
  year =         "1997",
  ISSN =         "0925-4927",
  author =       "Frank Schneider and Wolfgang Grodd and Ute Weiss and
                 Uwe Klose and Katharina R Mayer and Thomas Nägele and
                 Ruben C Gur",
}

@Book{Izhikevich2006b,
  author =       "Eugene M. Izhikevich",
  day =          "01",
  edition =      "1",
  howpublished = "Hardcover",
  ISBN =         "0-262-09043-0",
  month =        nov,
  publisher =    "The MIT Press",
  title =        "{Dynamical Systems in Neuroscience: The Geometry of
                 Excitability and Bursting (Computational
                 Neuroscience)}",
  year =         "2006",
}

@Article{SmithRinzel2000,
  author =       "Gregory D. Smith and John Rinzel and Gregory D and
                 Charles L. Cox and Charles L. Cox and S. Murray Sherman
                 and S. Murray Sherman",
  title =        "Fourier Analysis of Sinusoidally Driven
                 Thalamocortical Relay Neurons and a Minimal
                 Integrate-and-Fire-or-Burst Model",
  journal =      "J. Neurophysiol",
  year =         "2000",
  volume =       "83",
  pages =        "588--610",
}

@InCollection{Savran2008,
  author =       "Arman Savran and Ne\c{s}e Aly{\"u}z and Hamdi
                 Dibeklio\u{g}lu and Oya \c{C}eliktutan and Berk
                 G{\"o}kberk and B{\"u}lent Sankur and Lale Akarun",
  title =        "{Bosphorus Database for 3D Face Analysis}",
  booktitle =    "Biometrics and Identity Management",
  editor =       "Ben Schouten and Niels Christian Juul and Andrzej
                 Drygajlo and Massimo Tistarelli",
  year =         "2008",
  ISBN =         "978-3-540-89990-7",
  pages =        "47--56",
  numpages =     "10",
  acmid =        "1505758",
  publisher =    "Springer-Verlag",
  address =      "Berlin, Heidelberg",
}

@Article{Heseltine2008,
  author =       "Thomas Heseltine and Nick Pears and Jim Austin",
  title =        "Three-dimensional face recognition using combinations
                 of surface feature map subspace components",
  journal =      "Image Vision Comput.",
  issue_date =   "March, 2008",
  volume =       "26",
  number =       "3",
  month =        mar,
  year =         "2008",
  ISSN =         "0262-8856",
  pages =        "382--396",
  numpages =     "15",
  URL =          "http://dx.doi.org/10.1016/j.imavis.2006.12.008",
  acmid =        "1324644",
  publisher =    "Butterworth-Heinemann",
  address =      "Newton, MA, USA",
}

@InProceedings{Stratou2011,
  author =       "G. Stratou and A. Ghosh and P. Debevec and L.-P.
                 Morency",
  booktitle =    "Automatic Face Gesture Recognition and Workshops (FG
                 2011), 2011 IEEE International Conference on",
  title =        "Effect of illumination on automatic expression
                 recognition: {A} novel 3{D} relightable facial
                 database",
  year =         "2011",
  month =        mar,
  pages =        "611--618",
  doi =          "10.1109/FG.2011.5771467",
}

@Article{BatlloriLaramee2011,
  title =        "Evolving spiking neural networks for robot control",
  journal =      "Procedia Computer Science",
  volume =       "6",
  number =       "0",
  pages =        "329--334",
  year =         "2011",
  ISSN =         "1877-0509",
  doi =          "10.1016/j.procs.2011.08.060",
  author =       "R. Batllori and C. B. Laramee and W. Land and J. D.
                 Schaffer",
}

@Article{Kruger2002,
  title =        "Gabor wavelet networks for efficient head pose
                 estimation",
  journal =      "Image and Vision Computing",
  volume =       "20",
  number =       "9-10",
  pages =        "665--672",
  year =         "2002",
  ISSN =         "0262-8856",
  doi =          "10.1016/S0262-8856(02)00056-2",
  author =       "Volker Kr{\"u}ger and Gerald Sommer",
}

@Article{Urtasun2006,
  title =        "Temporal motion models for monocular and multiview
                 3{D} human body tracking",
  journal =      "Computer Vision and Image Understanding",
  volume =       "104",
  number =       "2-3",
  pages =        "157--177",
  year =         "2006",
  ISSN =         "1077-3142",
  author =       "Raquel Urtasun and David J. Fleet and Pascal Fua",
}

@Article{GarciaMartinez2012,
  title =        "Image difference detection under varying illumination
                 based on vector space and correlations",
  journal =      "Optik - International Journal for Light and Electron
                 Optics",
  volume =       "123",
  number =       "8",
  pages =        "665--669",
  year =         "2012",
  ISSN =         "0030-4026",
  author =       "Pascuala Garc\'ia-Mart\'inez and Abdelladif Gherabi
                 and Henri H. Arsenault",
}

@Online{faceApi2,
  author =       "Seeing Machines",
  title =        "{Face api features} \\
                 http://www.seeingmachines.com/product/faceapi/",
  year =         "2012",
  URL =          "http://www.seeingmachines.com/product/faceapi/",
}

@Article{NaldaCases2008,
  title =        "Topos: Spiking neural networks for temporal pattern
                 recognition in complex real sounds",
  journal =      "Neurocomputing",
  volume =       "71",
  number =       "4-6",
  pages =        "721--732",
  year =         "2008",
  ISSN =         "0925-2312",
  doi =          "10.1016/j.neucom.2007.07.032",
  author =       "Pablo González-Nalda and Blanca Cases",
}

@Article{MuhammadPrevost2008,
  title =        "Real-time facial feature localization by combining
                 space displacement neural networks",
  journal =      "Pattern Recognition Letters",
  volume =       "29",
  number =       "8",
  pages =        "1094--1104",
  year =         "2008",
  ISSN =         "0167-8655",
  doi =          "10.1016/j.patrec.2007.09.016",
  author =       "Shehzad Muhammad Hanif and Lionel Prevost and Rachid
                 Belaroussi and Maurice Milgram",
}

@Article{Xiaohua2009,
  title =        "Face detection using simplified Gabor features and
                 hierarchical regions in a cascade of classifiers",
  journal =      "Pattern Recognition Letters",
  volume =       "30",
  number =       "8",
  pages =        "717--728",
  year =         "2007",
  ISSN =         "0167-8655",
  author =       "Li Xiaohua and Kin-Man Lam and Shen Lansun and Zhou
                 Jiliu",
}

@Article{Liao2007,
  author =       "Shengcai Liao and Xiangxin Zhu and Zhen Lei and Lun
                 Zhang and and Stan Z. Li",
  year =         "2007",
  pages =        "828--837",
  title =        "Learning Multi-scale Block Local Binary Patterns for
                 Face Recognition",
}

@Article{Lai2005,
  title =        "Face recognition using holistic Fourier invariant
                 features",
  journal =      "Pattern Recognition",
  volume =       "34",
  number =       "1",
  pages =        "95--109",
  year =         "2005",
  note =         "",
  ISSN =         "0031-3203",
  author =       "Jian Huang Lai and Pong C. Yuen and Guo Can Feng",
}

@Article{Abate2007,
  title =        "2{D} and 3{D} face recognition: {A} survey",
  journal =      "Pattern Recognition Letters",
  volume =       "28",
  number =       "14",
  pages =        "1885--1906",
  year =         "2007",
  ISSN =         "0167-8655",
  author =       "Andrea F. Abate and Michele Nappi and Daniel Riccio
                 and Gabriele Sabatino",
}

@Article{Tagliasacchi2007,
  title =        "A genetic algorithm for optical flow estimation",
  journal =      "Image and Vision Computing",
  volume =       "25",
  number =       "2",
  pages =        "141--147",
  year =         "2007",
  ISSN =         "0262-8856",
  author =       "Marco Tagliasacchi",
}

@Article{elMostafa,
  title =        "3{D} optical flow computation using a parallel
                 variational multigrid scheme with application to
                 cardiac {C}-arm {CT} motion",
  journal =      "Image and Vision Computing",
  volume =       "25",
  number =       "9",
  pages =        "1482--1494",
  year =         "2007",
  ISSN =         "0262-8856",
  author =       "El Mostafa Kalmoun and Harald K{\"o}stler and Ulrich
                 R{\"u}de",
}

@Article{Geng01,
  title =        "Face recognition based on the multi-scale local image
                 structures",
  journal =      "Pattern Recognition",
  volume =       "44",
  number =       "11",
  pages =        "2565--2575",
  year =         "2011",
  ISSN =         "0031-3203",
  author =       "Cong Geng and Xudong Jiang",
}

@Article{Cootes2002,
  title =        "View-based active appearance models",
  journal =      "Image and Vision Computing",
  volume =       "20",
  number =       "9-10",
  pages =        "657--664",
  year =         "2002",
  ISSN =         "0262-8856",
  URL =          "http://www.sciencedirect.com/science/article/pii/S0262885602000550",
  author =       "T. F Cootes and G. V Wheeler and K. N Walker and C. J
                 Taylor",
}

@Article{Holte01,
  title =        "View-invariant gesture recognition using 3{D} optical
                 flow and harmonic motion context",
  journal =      "Computer Vision and Image Understanding",
  volume =       "114",
  number =       "12",
  pages =        "1353--1361",
  year =         "2010",
  ISSN =         "1077-3142",
  author =       "M. B. Holte and T. B. Moeslund and P. Fihl",
}

@Article{Sanchez01,
  title =        "Differential optical flow applied to automatic facial
                 expression recognition",
  journal =      "Neurocomputing",
  volume =       "74",
  number =       "8",
  pages =        "1272--1282",
  year =         "2011",
  ISSN =         "0925-2312",
  author =       "A. S\'anchez and J. V. Ruiz and A. B. Moreno and A. S.
                 Montemayor and J. Hern\'andez and J. J. Pantrigo",
}

@Article{Vetter01,
  author =       "Vetter Thomas and Volker Blanz",
  title =        "A Morphable Model Forthe Synthesis Of 3{D} Faces",
  year =         "2003",
}

@Article{Yuki01,
  title =        "Real-time face tracking and recognition by sparse
                 eigentracker with associative mapping to 3{D} shape",
  journal =      "Image and Vision Computing",
  year =         "2012",
  ISSN =         "0262-8856",
  author =       "Yuki Oka and Takeshi Shakunaga",
}

@Article{Choi,
  title =        "Simplified Gabor wavelets for human face recognition",
  journal =      "Pattern Recognition",
  volume =       "41",
  number =       "3",
  pages =        "1186--1199",
  year =         "2008",
  ISSN =         "0031-3203",
  author =       "Wing-Pong Choi and Siu-Hong Tse and Kwok-Wai Wong and
                 Kin-Man Lam",
}

@Article{Gao,
  title =        "Gabor texture in active appearance models",
  journal =      "Neurocomputing",
  volume =       "72",
  number =       "13-15",
  pages =        "3174--3181",
  year =         "2009",
  ISSN =         "0925-2312",
  author =       "Xinbo Gao and Ya Su and Xuelong Li and Dacheng Tao",
}

@Article{Sun01,
  title =        "Fast optical flow using 3{D} shortest path
                 techniques",
  journal =      "Image and Vision Computing",
  volume =       "20",
  number =       "13-14",
  pages =        "981--991",
  year =         "2002",
  note =         "",
  ISSN =         "0262-8856",
  author =       "Changming Sun",
}

@Article{Wang01,
  title =        "Facial expression recognition system based on rigid
                 and non-rigid motion separation and 3{D} pose
                 estimation",
  journal =      "Pattern Recognition",
  volume =       "42",
  number =       "5",
  pages =        "962--977",
  year =         "2009",
  note =         "",
  ISSN =         "0031-3203",
  author =       "Te-Hsun Wang and Jenn-Jier James Lien",
}

@Article{Mora,
  author =       "Jose Gonzalez-Mora and Fernando de la Torre and
                 Nicolas Guill",
  title =        "Learning a generic 3{D} face model from 2{D} images
                 databases using incremental structure-from-Motion",
  year =         "2010",
}

@Article{Peng,
  title =        "Drift-correcting template update strategy for
                 precision feature point tracking",
  journal =      "Image and Vision Computing",
  volume =       "28",
  number =       "8",
  pages =        "1280--1292",
  year =         "2010",
  ISSN =         "0262-8856",
  author =       "Xiaoming Peng and Mohammed Bennamoun and Qian Ma and
                 Ying Lei and Qiheng Zhang and Wufan Chen",
}

@Article{Daugman1,
  author =       "J. G. Daugman",
  journal =      "Acoustics, Speech and Signal Processing, IEEE
                 Transactions on",
  title =        "Complete discrete 2-{D} Gabor transforms by neural
                 networks for image analysis and compression",
  year =         "1988",
  month =        jul,
  volume =       "36",
  number =       "7",
  pages =        "1169--1179",
  keywords =     "2-D Gabor wavelet template;2-D spectral coordinates;2D
                 discrete signals;dilations;discrete 2-D Gabor
                 transforms;image analysis;image compression;image
                 segmentation;interlaminar interactions;log-polar
                 ensemble;neural networks;rotations;transform
                 coefficients;translations;wavelet expansions;neural
                 nets;picture processing;transforms;",
  ISSN =         "0096-3518",
}

@Article{Wan01,
  title =        "An accurate active shape model for facial feature
                 extraction",
  journal =      "Pattern Recognition Letters",
  volume =       "26",
  number =       "15",
  pages =        "2409--2423",
  year =         "2005",
  note =         "",
  ISSN =         "0167-8655",
  author =       "Kwok-Wai Wan and Kin-Man Lam and Kit-Chong Ng",
}

@Article{Lee2009,
  title =        "A comparative study of facial appearance modeling
                 methods for active appearance models",
  journal =      "Pattern Recognition Letters",
  volume =       "30",
  number =       "14",
  pages =        "1335--1346",
  year =         "2009",
  note =         "",
  ISSN =         "0167-8655",
  author =       "Sung Joo Lee and Kang Ryoung Park and Jaihie Kim",
}

@Article{Motai2012,
  title =        "Human tracking from a mobile agent: Optical flow and
                 Kalman filter arbitration",
  journal =      "Signal Processing: Image Communication",
  volume =       "27",
  number =       "1",
  pages =        "83--95",
  year =         "2012",
  ISSN =         "0923-5965",
  author =       "Yuichi Motai and Sumit Kumar Jha and Daniel Kruse",
}

@Article{Levine2009,
  title =        "State-of-the-art of 3{D} facial reconstruction methods
                 for face recognition based on a single 2{D} training
                 image per person",
  journal =      "Pattern Recognition Letters",
  volume =       "30",
  number =       "10",
  pages =        "908--913",
  year =         "2009",
  ISSN =         "0167-8655",
  author =       "Martin D. Levine and Yingfeng (Chris) Yu",
}

@Article{MatsuguKatsuhiko2003,
  title =        "Subject independent facial expression recognition with
                 robust face detection using a convolutional neural
                 network",
  journal =      "Neural Networks",
  volume =       "16",
  number =       "5-6",
  pages =        "555--559",
  year =         "2003",
  ISSN =         "0893-6080",
  doi =          "10.1016/S0893-6080(03)00115-1",
  author =       "Masakazu Matsugu and Katsuhiko Mori and Yusuke Mitari
                 and Yuji Kaneda",
}

@Article{Amunts2005,
  author =       "K. Amunts and O. Kedo and M. Kindler and P. Pieperhoff
                 and H. Mohlberg and N. J. Shah and U. Habel and F.
                 Schneider and K. Zilles",
  affiliation =  "IME Research Center Jülich 52425 Jülich Germany",
  title =        "Cytoarchitectonic mapping of the human amygdala,
                 hippocampal region and entorhinal cortex: intersubject
                 variability and probability maps",
  journal =      "Anatomy and Embryology",
  publisher =    "Springer Berlin / Heidelberg",
  ISSN =         "0340-2061",
  pages =        "343--352",
  volume =       "210",
  year =         "2005",
}

@Article{Maalej2011,
  title =        "Shape analysis of local facial patches for 3{D} facial
                 expression recognition",
  journal =      "Pattern Recognition",
  volume =       "44",
  number =       "8",
  pages =        "1581--1589",
  year =         "2011",
  note =         "",
  ISSN =         "0031-3203",
  author =       "Ahmed Maalej and Boulbaba Ben Amor and Mohamed Daoudi
                 and Anuj Srivastava and Stefano Berretti",
}

@Article{Dornaika2011,
  title =        "Improving dynamic facial expression recognition with
                 feature subset selection",
  journal =      "Pattern Recognition Letters",
  volume =       "32",
  number =       "5",
  pages =        "740--748",
  year =         "2011",
  note =         "",
  ISSN =         "0167-8655",
  author =       "F. Dornaika and E. Lazkano and B. Sierra",
}

@Article{Xiang2008,
  title =        "Expression recognition using fuzzy spatio-temporal
                 modeling",
  journal =      "Pattern Recognition",
  volume =       "41",
  number =       "1",
  pages =        "204--216",
  year =         "2008",
  note =         "",
  ISSN =         "0031-3203",
  author =       "T. Xiang and M. K. H. Leung and S. Y. Cho",
}

@Article{Park2009,
  title =        "Subtle facial expression recognition using motion
                 magnification",
  journal =      "Pattern Recognition Letters",
  volume =       "30",
  number =       "7",
  pages =        "708--716",
  year =         "2009",
  note =         "",
  ISSN =         "0167-8655",
}

@Article{Wang2009,
  title =        "Facial expression recognition system based on rigid
                 and non-rigid motion separation and 3{D} pose
                 estimation",
  journal =      "Pattern Recognition",
  volume =       "42",
  number =       "5",
  pages =        "962--977",
  year =         "2009",
  note =         "",
  ISSN =         "0031-3203",
  author =       "Te-Hsun Wang and Jenn-Jier James Lien",
}

@Article{Klimesch1999,
  title =        "{EEG} alpha and theta oscillations reflect cognitive
                 and memory performance: a review and analysis.",
  volume =       "29",
  URL =          "http://www.ncbi.nlm.nih.gov/pubmed/10209231",
  number =       "2-3",
  journal =      "Brain research Brain research reviews",
  publisher =    "Elsevier",
  author =       "W Klimesch",
  year =         "1999",
  pages =        "169--95",
}

@Article{Basar2001,
  title =        "Gamma, alpha, delta, and theta oscillations govern
                 cognitive processes.",
  volume =       "39",
  URL =          "http://www.ncbi.nlm.nih.gov/pubmed/11163901",
  number =       "2-3",
  journal =      "International Journal of Psychophysiology",
  publisher =    "Elsevier",
  author =       "E Başar and C Başar-Eroglu and S Karakaş and M
                 Schürmann",
  year =         "2001",
  pages =        "241--8",
}

@Book{Cerami:2002,
  author =       "Ethan Cerami",
  editor =       "Simon St.Laurent",
  title =        "Web Services Essentials",
  year =         "2002",
  ISBN =         "0-596-00224-6",
  edition =      "1st",
  publisher =    "O'Reilly \& Associates, Inc.",
  address =      "Sebastopol, CA, USA",
}

@Book{chappell:java,
  added-at =     "2006-05-31T22:40:22.000+0200",
  author =       "David Chappell and Tyler Jewell",
  biburl =       "http://www.bibsonomy.org/bibtex/21b7fb5cd72356d2595a3961ff9a38e32/jil",
  edition =      "German",
  editor =       "Matthias Kalle Dalheimer",
  interhash =    "db93a149673713f66415a4d68bee67c1",
  intrahash =    "1b7fb5cd72356d2595a3961ff9a38e32",
  keywords =     "web java jax-rpc buch seminar2006 soap uddi wsdl
                 wichtig services",
  publisher =    "O'Reilly",
  timestamp =    "2006-05-31T22:40:22.000+0200",
  title =        "Java Web Services",
  year =         "2002",
}

@Article{Engel2001,
  title =        "Dynamic predictions: oscillations and synchrony in
                 top-down processing.",
  volume =       "2",
  URL =          "http://www.ncbi.nlm.nih.gov/pubmed/11584308",
  number =       "10",
  journal =      "Nature Reviews Neuroscience",
  publisher =    "Nature Publishing Group",
  author =       "A K Engel and P Fries and W Singer",
  year =         "2001",
  pages =        "704--716",
}

@Article{Kahana2001,
  title =        "Theta returns",
  volume =       "11",
  URL =          "http://www.ncbi.nlm.nih.gov/pubmed/11741027",
  number =       "6",
  journal =      "Current Opinion in Neurobiology",
  publisher =    "Elsevier Science",
  author =       "M J Kahana and D Seelig and J R Madsen",
  year =         "2001",
  pages =        "739--744",
}

@Article{Ward2003,
  title =        "Synchronous neural oscillations and cognitive
                 processes.",
  volume =       "7",
  URL =          "http://linkinghub.elsevier.com/retrieve/pii/S1364661303002894",
  number =       "12",
  journal =      "Trends in Cognitive Sciences",
  publisher =    "Elsevier",
  author =       "Lawrence M Ward",
  year =         "2003",
  pages =        "553--559",
}
